timestamp,sell1,vsell1,buy1,vbuy1,sell2,vsell2,buy2,vbuy2,sell3,vsell3,buy3,vbuy3,sell4,vsell4,buy4,vbuy4,sell5,vsell5,buy5,vbuy5,sell6,vsell6,buy6,vbuy6,sell7,vsell7,buy7,vbuy7,sell8,vsell8,buy8,vbuy8,sell9,vsell9,buy9,vbuy9,sell10,vsell10,buy10,vbuy10
2023-01-13 00:32:25,18806.1,56.853,18806.0,3.495,18806.2,18.239,18805.9,0.025,18806.3,2.933,18805.8,0.281,18806.4,9.582,18805.7,0.002,18806.5,1.523,18805.6,0.001,18806.6,0.037,18805.4,0.005,18806.7,0.025,18805.3,3.131,18806.8,0.798,18805.1,0.305,18806.9,2.78,18805.0,5.181,18807.0,5.144,18804.9,1.736
2023-01-13 00:32:26,18804.9,28.998,18804.8,7.583,18805.0,8.815,18804.6,1.238,18805.1,1.333,18804.4,0.009,18805.2,0.695,18804.2,0.922,18805.3,0.353,18804.1,1.41,18805.4,0.7,18804.0,0.335,18805.5,0.012,18803.9,0.007,18805.7,0.334,18803.8,0.583,18805.9,0.388,18803.7,0.421,18806.0,4.033,18803.6,0.129
2023-01-13 00:32:26,18804.9,13.065,18804.8,14.626,18805.0,0.847,18804.6,1.238,18805.2,0.108,18804.4,0.049,18805.5,0.013,18804.3,0.08,18805.9,0.054,18804.1,4.034,18806.0,1.99,18804.0,0.355,18806.1,1.867,18803.9,0.27,18806.2,0.414,18803.8,0.584,18806.3,2.901,18803.7,5.622,18806.4,1.381,18803.6,0.64
2023-01-13 00:32:26,18804.9,13.969,18804.8,12.791,18805.0,2.243,18804.6,1.238,18805.3,1.948,18804.4,0.029,18805.5,0.013,18804.3,0.026,18805.7,2.721,18804.1,4.034,18805.9,0.054,18804.0,0.355,18806.0,2.244,18803.9,0.007,18806.1,1.817,18803.8,0.744,18806.2,0.414,18803.7,5.622,18806.3,2.901,18803.6,0.64
2023-01-13 00:32:26,18804.9,13.265,18804.8,13.291,18805.0,3.63,18804.6,1.238,18805.3,0.561,18804.4,0.059,18805.5,0.026,18804.3,0.026,18805.7,2.721,18804.1,4.034,18805.9,0.054,18804.0,0.355,18806.0,2.231,18803.9,0.147,18806.1,1.817,18803.8,0.744,18806.2,0.414,18803.7,0.422,18806.3,2.901,18803.6,0.64
2023-01-13 00:32:27,18804.9,12.359,18804.8,14.155,18805.0,2.422,18804.6,1.239,18805.5,0.026,18804.4,0.06,18805.7,2.721,18804.3,0.027,18805.9,0.054,18804.2,0.001,18806.0,2.231,18804.1,1.441,18806.1,1.742,18804.0,0.395,18806.2,0.414,18803.9,0.148,18806.3,2.901,18803.8,1.301,18806.4,1.406,18803.7,4.0
2023-01-13 00:32:27,18804.9,12.395,18804.8,13.893,18805.0,2.422,18804.7,0.038,18805.5,0.026,18804.6,1.239,18805.7,2.721,18804.4,0.06,18805.9,0.054,18804.3,0.027,18806.0,2.231,18804.1,1.441,18806.1,1.742,18804.0,0.356,18806.2,0.414,18803.9,1.589,18806.3,2.901,18803.8,5.982,18806.4,1.406,18803.7,0.006
2023-01-13 00:32:27,18804.9,12.866,18804.8,13.78,18805.0,2.422,18804.7,0.038,18805.5,1.413,18804.6,1.239,18805.7,2.721,18804.4,0.06,18805.9,0.054,18804.3,1.821,18806.0,2.231,18804.2,5.201,18806.1,1.742,18804.1,1.441,18806.2,0.414,18804.0,0.356,18806.3,2.901,18803.9,0.148,18806.4,1.406,18803.8,0.782
2023-01-13 00:32:27,18804.9,3.192,18804.8,24.636,18805.0,1.026,18804.7,0.198,18805.5,0.034,18804.6,1.239,18806.0,3.111,18804.4,0.06,18806.1,1.742,18804.3,7.065,18806.2,0.414,18804.2,5.201,18806.3,2.901,18804.1,1.441,18806.4,1.722,18804.0,4.69,18806.7,0.109,18803.9,0.008,18806.9,1.139,18803.8,0.675
2023-01-13 00:32:28,18806.0,1.156,18805.9,43.52,18806.1,1.74,18805.8,2.311,18806.2,0.013,18805.7,3.017,18806.4,0.371,18805.6,2.255,18806.7,0.108,18805.5,18.025,18807.0,0.478,18805.4,61.507,18807.1,0.001,18805.3,0.459,18807.3,0.436,18805.2,2.48,18807.4,0.002,18805.0,7.293,18807.5,0.001,18804.9,29.236
2023-01-13 00:32:28,18807.7,20.089,18807.6,20.685,18807.8,2.624,18807.5,0.168,18807.9,2.753,18807.4,0.014,18808.0,0.175,18807.2,0.705,18808.1,0.177,18807.1,0.026,18808.2,0.531,18807.0,1.236,18808.5,1.049,18806.9,2.583,18808.6,2.123,18806.8,0.469,18808.9,0.007,18806.7,0.513,18809.0,0.323,18806.6,0.414
2023-01-13 00:32:28,18807.7,18.591,18807.6,20.215,18807.9,2.753,18807.5,0.168,18808.0,0.175,18807.4,0.014,18808.1,0.002,18807.1,5.226,18808.2,0.531,18807.0,0.531,18808.3,0.013,18806.9,1.6,18808.5,1.049,18806.8,0.029,18808.6,2.123,18806.6,0.038,18808.7,0.053,18806.4,0.06,18808.9,0.007,18806.2,0.054
2023-01-13 00:32:28,18807.7,22.007,18807.6,15.434,18807.9,4.14,18807.5,0.038,18808.0,0.175,18807.1,0.026,18808.1,0.002,18807.0,0.544,18808.2,0.531,18806.9,1.6,18808.3,0.013,18806.8,0.029,18808.5,1.049,18806.6,0.038,18808.6,2.123,18806.4,0.06,18808.7,0.053,18806.2,5.254,18808.9,0.007,18806.1,0.161
2023-01-13 00:32:29,18807.7,17.243,18807.6,21.097,18807.9,2.753,18807.5,0.001,18808.0,0.175,18807.0,0.544,18808.1,0.002,18806.9,1.6,18808.2,0.531,18806.8,0.029,18808.3,0.013,18806.6,0.001,18808.5,1.049,18806.4,0.06,18808.6,2.123,18806.3,5.463,18808.7,0.053,18806.2,5.228,18808.9,0.007,18806.1,0.161
2023-01-13 00:32:29,18807.7,0.214,18807.6,32.449,18808.0,0.196,18807.5,0.038,18808.1,0.001,18807.4,3.13,18808.3,0.026,18807.2,1.102,18808.4,0.001,18807.1,4.043,18808.5,1.049,18807.0,4.113,18808.6,2.123,18806.9,1.6,18808.8,0.531,18806.8,0.349,18808.9,0.007,18806.7,0.464,18809.0,0.323,18806.6,0.199
2023-01-13 00:32:29,18808.5,0.013,18808.4,64.781,18808.6,2.123,18808.3,0.441,18808.9,0.098,18808.2,0.71,18809.0,0.338,18808.0,0.683,18809.2,0.027,18807.9,0.405,18809.3,1.366,18807.8,0.3,18809.4,0.008,18807.7,1.687,18809.6,1.096,18807.6,7.077,18809.7,0.531,18807.5,0.044,18810.0,2.863,18807.4,3.211
2023-01-13 00:32:29,18808.5,11.128,18808.4,35.306,18808.6,4.683,18808.0,0.683,18808.8,0.45,18807.8,0.229,18808.9,1.451,18807.7,1.0,18809.0,0.338,18807.6,5.705,18809.2,0.027,18807.5,0.044,18809.4,1.926,18807.4,3.211,18809.6,1.097,18807.3,0.838,18810.0,2.864,18807.2,0.116,18810.1,0.015,18807.1,1.085
2023-01-13 00:32:30,18808.5,8.006,18808.4,39.362,18808.6,2.123,18808.0,0.683,18808.8,0.45,18807.8,0.029,18808.9,1.451,18807.7,1.531,18809.0,0.338,18807.6,5.872,18809.2,0.027,18807.5,0.044,18809.3,0.531,18807.4,3.211,18809.4,0.008,18807.3,0.838,18809.6,1.097,18807.2,0.116,18810.0,2.864,18807.1,1.085
2023-01-13 00:32:30,18808.5,8.025,18808.4,39.834,18808.6,2.123,18808.3,0.1,18808.8,0.45,18808.0,0.683,18808.9,1.451,18807.8,0.042,18809.0,0.338,18807.7,1.531,18809.2,0.027,18807.6,4.583,18809.3,0.531,18807.5,0.044,18809.4,0.008,18807.4,3.211,18809.5,4.389,18807.3,0.838,18809.6,1.097,18807.2,1.15
2023-01-13 00:32:30,18808.5,0.938,18808.4,44.936,18808.6,2.123,18808.3,0.137,18809.0,0.338,18808.0,0.683,18809.1,0.008,18807.8,3.663,18809.2,0.027,18807.7,1.531,18809.3,0.531,18807.6,5.204,18809.4,0.008,18807.5,0.044,18809.6,1.096,18807.4,0.201,18810.0,2.863,18807.2,1.07,18810.1,0.002,18807.1,4.118
2023-01-13 00:32:30,18811.2,1.008,18811.1,38.718,18811.5,0.014,18811.0,5.424,18811.6,0.013,18810.9,52.275,18811.7,0.3,18810.8,13.718,18811.8,0.001,18810.7,2.728,18811.9,0.001,18810.6,5.42,18812.0,0.006,18810.5,4.647,18812.1,0.013,18810.4,9.157,18812.3,3.014,18810.3,0.15,18812.7,0.137,18810.2,1.597
2023-01-13 00:32:31,18811.5,7.244,18811.4,46.977,18811.6,0.02,18811.3,2.0,18811.7,0.3,18811.2,6.452,18811.8,0.001,18811.1,3.737,18811.9,1.494,18811.0,0.114,18812.0,3.014,18810.9,2.372,18812.2,0.762,18810.8,5.218,18812.3,3.014,18810.6,0.706,18812.6,0.531,18810.5,0.042,18812.7,0.001,18810.4,3.8
2023-01-13 00:32:31,18811.5,7.733,18811.4,41.569,18811.6,0.02,18811.3,2.0,18811.7,0.3,18811.2,1.081,18811.8,0.001,18811.1,3.684,18811.9,0.001,18811.0,0.214,18812.0,2.471,18810.9,2.123,18812.2,0.762,18810.8,4.964,18812.3,3.014,18810.5,0.04,18812.6,0.531,18810.4,3.443,18812.7,0.001,18810.3,1.037
2023-01-13 00:32:31,18811.5,7.736,18811.4,41.049,18811.6,0.02,18811.3,2.0,18811.7,0.3,18811.2,0.55,18811.8,0.006,18811.1,3.681,18811.9,0.001,18811.0,0.214,18812.0,2.471,18810.9,2.123,18812.1,1.387,18810.8,4.964,18812.2,0.762,18810.5,0.04,18812.3,3.014,18810.4,3.443,18812.6,0.531,18810.3,1.037
2023-01-13 00:32:31,18811.5,10.548,18811.4,41.553,18811.6,0.02,18811.2,0.55,18811.7,0.3,18811.1,3.571,18811.8,0.006,18810.9,2.11,18811.9,1.758,18810.8,4.972,18812.0,2.471,18810.5,0.04,18812.1,1.514,18810.4,3.443,18812.3,3.014,18810.3,1.037,18812.6,0.532,18810.2,0.093,18812.7,0.001,18810.1,2.352
2023-01-13 00:32:32,18811.5,10.67,18811.4,43.456,18811.6,0.02,18811.2,0.55,18811.7,0.3,18811.1,3.571,18811.8,0.006,18810.9,2.11,18811.9,1.758,18810.8,3.372,18812.0,2.471,18810.5,0.04,18812.1,1.514,18810.4,3.443,18812.2,1.387,18810.3,1.037,18812.3,3.014,18810.2,0.093,18812.6,0.532,18810.1,2.352
2023-01-13 00:32:32,18811.5,9.985,18811.4,42.533,18811.6,0.02,18811.2,0.55,18811.7,0.301,18811.1,3.571,18811.8,0.006,18810.9,2.11,18811.9,1.758,18810.8,3.372,18812.0,2.471,18810.5,0.04,18812.1,2.901,18810.4,3.443,18812.3,3.014,18810.3,1.037,18812.6,0.532,18810.2,0.093,18812.7,0.001,18810.1,2.352
2023-01-13 00:32:32,18811.5,4.664,18811.4,43.011,18811.6,0.02,18811.2,0.55,18811.7,0.301,18811.1,3.531,18811.8,0.006,18810.9,2.11,18811.9,1.758,18810.8,3.372,18812.0,2.471,18810.4,3.443,18812.1,1.514,18810.3,1.037,18812.3,3.014,18810.2,0.093,18812.6,0.532,18810.1,2.379,18812.7,0.001,18810.0,4.226
2023-01-13 00:32:32,18811.5,5.36,18811.4,42.023,18811.6,0.02,18811.3,0.08,18811.7,0.301,18811.2,0.87,18811.9,0.006,18811.1,3.531,18812.0,0.051,18810.9,2.11,18812.1,1.514,18810.8,3.372,18812.3,3.014,18810.5,4.115,18812.5,0.489,18810.4,3.193,18812.6,0.001,18810.3,1.037,18812.7,0.001,18810.2,0.056
2023-01-13 00:32:33,18811.5,3.414,18811.4,43.124,18811.6,0.02,18811.2,0.87,18811.7,0.301,18811.1,3.931,18812.0,0.052,18810.9,2.11,18812.1,2.658,18810.8,3.41,18812.3,3.014,18810.5,4.115,18812.5,0.013,18810.4,3.193,18812.7,0.001,18810.3,1.037,18812.8,0.001,18810.2,0.056,18812.9,0.001,18810.1,2.379
2023-01-13 00:32:33,18811.5,4.616,18811.4,43.109,18811.6,0.02,18811.2,0.87,18811.7,0.301,18811.1,3.931,18812.0,0.052,18810.9,2.11,18812.1,2.659,18810.8,3.372,18812.3,3.014,18810.5,4.115,18812.5,0.013,18810.4,3.193,18812.7,0.001,18810.3,1.037,18812.8,0.001,18810.2,0.056,18812.9,0.001,18810.1,2.379
2023-01-13 00:32:33,18811.5,4.358,18811.4,43.509,18811.6,0.02,18811.2,0.95,18811.7,0.301,18811.1,3.531,18812.0,0.052,18810.9,2.11,18812.1,3.207,18810.8,3.372,18812.3,3.014,18810.7,0.797,18812.5,0.013,18810.5,4.115,18812.6,0.344,18810.4,3.193,18812.7,1.344,18810.3,1.037,18812.8,0.001,18810.2,0.056
2023-01-13 00:32:33,18810.5,44.84,18810.4,1.287,18810.6,2.779,18810.2,0.013,18810.7,0.817,18810.0,0.008,18810.8,3.164,18809.9,0.008,18810.9,12.505,18809.8,0.013,18811.0,9.053,18809.5,0.025,18811.1,0.374,18809.3,0.013,18811.2,2.8,18809.2,0.32,18811.3,3.601,18809.1,0.008,18811.4,0.931,18809.0,0.203
2023-01-13 00:32:34,18810.5,57.281,18810.4,1.208,18810.6,0.18,18810.2,0.013,18810.7,0.308,18810.0,0.008,18810.9,0.136,18809.9,0.008,18811.0,2.877,18809.8,0.013,18811.1,0.237,18809.5,0.025,18811.2,0.279,18809.4,0.674,18811.3,2.312,18809.3,1.951,18811.4,0.929,18809.2,0.733,18811.5,4.208,18809.0,0.053
2023-01-13 00:32:34,18810.5,54.272,18810.4,1.613,18810.6,0.043,18810.2,0.013,18810.7,0.068,18810.0,0.46,18810.9,0.136,18809.9,1.256,18811.0,2.03,18809.8,0.544,18811.1,0.037,18809.5,0.025,18811.2,0.279,18809.3,0.013,18811.3,2.843,18809.2,0.733,18811.4,2.034,18808.9,0.02,18811.5,4.018,18808.6,0.437
2023-01-13 00:32:34,18810.5,50.693,18810.4,4.636,18810.6,0.043,18810.2,0.013,18810.7,0.068,18810.0,0.991,18810.9,0.667,18809.9,1.256,18811.0,2.03,18809.8,0.013,18811.1,0.037,18809.5,0.025,18811.2,0.279,18809.3,0.013,18811.3,2.312,18809.2,0.733,18811.4,2.034,18808.9,0.02,18811.5,4.017,18808.6,1.477
2023-01-13 00:32:34,18809.0,38.161,18808.9,0.717,18809.1,10.973,18808.8,0.024,18809.3,0.172,18808.6,0.585,18809.4,0.447,18808.4,0.506,18809.5,4.838,18808.2,0.531,18809.6,6.495,18808.1,0.11,18809.7,0.384,18808.0,0.854,18809.8,0.013,18807.9,0.193,18809.9,0.705,18807.8,0.616,18810.0,0.586,18807.7,2.653
2023-01-13 00:32:35,18808.5,46.514,18808.4,0.744,18808.6,0.002,18808.2,1.517,18808.7,0.531,18808.1,0.002,18808.9,4.306,18807.9,0.033,18809.0,2.565,18807.8,2.073,18809.1,2.699,18807.7,4.025,18809.3,0.172,18807.5,0.001,18809.5,0.04,18807.4,2.593,18809.6,3.099,18807.1,1.029,18809.7,0.029,18806.9,0.641
2023-01-13 00:32:35,18808.5,47.627,18808.4,0.517,18808.9,4.309,18808.2,1.517,18809.0,2.142,18808.1,0.002,18809.1,2.347,18807.9,0.033,18809.5,0.817,18807.8,2.073,18809.6,3.099,18807.7,3.494,18809.7,0.029,18807.5,0.001,18809.8,0.013,18807.4,2.593,18809.9,0.797,18807.3,0.531,18810.0,0.517,18807.1,1.029
2023-01-13 00:32:35,18807.8,42.662,18807.7,5.265,18807.9,9.318,18807.5,1.047,18808.0,0.709,18807.4,2.593,18808.1,0.695,18807.3,0.531,18808.2,2.35,18807.2,0.012,18808.3,0.026,18806.9,0.02,18808.4,0.347,18806.6,0.014,18808.5,3.726,18806.5,1.094,18808.8,1.09,18806.4,0.08,18808.9,3.922,18806.2,0.331
2023-01-13 00:32:35,18807.8,40.005,18807.7,11.196,18807.9,8.849,18807.6,0.076,18808.1,0.565,18807.5,1.184,18808.3,0.026,18807.4,3.648,18808.5,2.224,18807.2,0.012,18808.8,0.091,18807.1,1.055,18809.0,1.164,18806.9,0.631,18809.1,0.027,18806.6,5.115,18809.2,0.091,18806.5,0.346,18809.4,0.029,18806.4,0.08
2023-01-13 00:32:36,18807.8,40.549,18807.7,8.807,18807.9,8.318,18807.6,0.076,18808.1,0.565,18807.5,1.184,18808.3,0.026,18807.4,3.648,18808.5,2.109,18807.2,0.012,18808.6,0.079,18807.1,1.055,18808.8,0.091,18806.9,0.551,18809.0,0.964,18806.6,0.015,18809.1,0.027,18806.5,5.146,18809.2,0.091,18806.4,0.04
2023-01-13 00:32:36,18807.8,41.036,18807.7,8.807,18807.9,8.318,18807.6,0.076,18808.1,0.565,18807.5,1.184,18808.2,0.479,18807.4,3.648,18808.3,0.026,18807.2,0.012,18808.5,2.109,18807.1,1.055,18808.6,0.079,18806.9,0.551,18808.8,0.091,18806.6,0.015,18809.0,0.964,18806.5,5.146,18809.1,0.027,18806.4,0.04
2023-01-13 00:32:36,18807.8,38.92,18807.7,13.034,18807.9,8.318,18807.6,0.076,18808.1,0.565,18807.5,1.32,18808.2,0.479,18807.4,3.648,18808.3,0.026,18807.2,0.543,18808.4,0.021,18807.1,1.063,18808.5,2.109,18806.9,0.02,18808.8,0.091,18806.6,0.015,18808.9,0.025,18806.5,5.146,18809.0,0.964,18806.4,0.077
2023-01-13 00:32:36,18807.8,9.071,18807.7,25.878,18807.9,0.096,18807.6,0.25,18808.1,0.565,18807.5,0.532,18808.2,0.479,18807.4,2.593,18808.4,0.021,18807.2,0.038,18808.5,0.611,18807.1,5.209,18808.8,0.054,18807.0,4.272,18808.9,0.025,18806.9,0.02,18809.0,0.032,18806.7,2.642,18809.3,0.008,18806.6,5.115
2023-01-13 00:32:37,18807.8,5.474,18807.7,28.819,18807.9,0.096,18807.6,0.35,18808.2,0.479,18807.5,0.001,18808.4,0.528,18807.4,2.593,18808.5,0.596,18807.3,0.001,18808.8,1.395,18807.2,0.038,18808.9,0.138,18807.1,5.227,18809.0,0.032,18807.0,4.012,18809.3,0.008,18806.9,0.02,18809.5,0.001,18806.8,5.0
2023-01-13 00:32:37,18807.8,5.49,18807.7,27.528,18807.9,0.143,18807.6,0.367,18808.1,0.278,18807.5,0.104,18808.2,0.479,18807.4,2.593,18808.4,0.021,18807.3,0.001,18808.5,0.596,18807.2,0.146,18808.8,0.008,18807.1,5.227,18808.9,0.138,18807.0,4.012,18809.0,0.032,18806.9,0.02,18809.3,1.519,18806.8,5.0
2023-01-13 00:32:37,18807.8,5.016,18807.7,29.481,18807.9,0.143,18807.6,0.367,18808.1,0.278,18807.5,0.104,18808.2,0.479,18807.4,2.593,18808.4,0.021,18807.3,0.001,18808.5,0.065,18807.2,0.146,18808.8,0.008,18807.1,5.227,18808.9,0.138,18807.0,4.012,18809.0,0.563,18806.9,0.02,18809.3,1.519,18806.8,5.0
2023-01-13 00:32:37,18807.8,4.793,18807.7,29.435,18807.9,0.143,18807.6,0.367,18808.1,0.278,18807.5,0.104,18808.2,0.479,18807.4,2.593,18808.4,0.021,18807.3,0.001,18808.5,0.065,18807.2,0.146,18808.8,0.008,18807.1,5.227,18808.9,0.138,18807.0,4.012,18809.0,0.563,18806.9,0.02,18809.2,1.387,18806.8,5.0
2023-01-13 00:32:38,18809.5,0.031,18809.4,48.523,18809.6,0.091,18809.3,0.005,18809.8,0.033,18809.2,1.587,18810.0,0.02,18809.0,0.229,18810.1,0.013,18808.9,9.043,18810.4,0.075,18808.8,7.423,18810.5,0.37,18808.6,1.425,18810.9,0.008,18808.5,4.767,18811.0,0.013,18808.4,2.084,18811.1,0.295,18808.3,2.512
2023-01-13 00:32:38,18809.5,0.872,18809.4,50.263,18809.6,0.091,18809.3,0.004,18809.8,0.033,18809.2,1.514,18810.0,0.02,18809.0,0.229,18810.1,0.013,18808.9,8.984,18810.4,0.411,18808.8,7.101,18810.5,0.285,18808.6,1.425,18810.6,1.349,18808.5,4.767,18810.9,0.008,18808.4,2.347,18811.0,0.013,18808.3,2.512
2023-01-13 00:32:38,18809.5,0.883,18809.4,39.258,18809.6,0.091,18809.3,0.141,18809.8,0.033,18809.2,1.514,18810.0,0.02,18809.0,0.229,18810.1,0.013,18808.9,8.846,18810.2,1.365,18808.8,7.101,18810.4,1.084,18808.6,2.56,18810.5,0.285,18808.5,4.767,18810.8,2.694,18808.4,2.084,18810.9,0.008,18808.3,2.512
2023-01-13 00:32:38,18809.5,0.986,18809.4,40.646,18809.6,0.091,18809.3,0.141,18809.8,0.033,18809.2,1.514,18810.0,0.02,18809.1,3.876,18810.1,0.013,18809.0,0.229,18810.2,1.365,18808.9,9.643,18810.4,1.084,18808.8,5.602,18810.5,0.285,18808.6,0.108,18810.8,2.694,18808.5,3.97,18810.9,0.008,18808.4,2.084
2023-01-13 00:32:39,18810.0,0.244,18809.9,31.875,18810.1,0.021,18809.8,0.174,18810.4,0.08,18809.7,4.351,18810.5,0.285,18809.6,3.556,18811.1,0.008,18809.5,10.871,18811.2,0.722,18809.4,5.074,18811.3,2.875,18809.3,0.801,18811.4,0.211,18809.2,1.142,18811.5,2.414,18808.9,4.498,18811.6,0.553,18808.8,7.544
2023-01-13 00:32:39,18810.5,0.285,18810.4,16.318,18811.0,0.02,18810.3,19.707,18811.1,0.008,18810.2,6.96,18811.2,1.071,18810.1,4.352,18811.3,4.263,18810.0,53.863,18811.4,3.195,18809.9,23.151,18811.5,2.414,18809.8,0.037,18811.6,0.553,18809.7,2.368,18811.7,0.832,18809.6,1.038,18811.8,0.702,18809.5,5.15
2023-01-13 00:32:39,18811.4,12.434,18811.3,27.025,18811.5,2.876,18811.2,7.394,18811.6,0.081,18811.1,0.035,18811.7,1.738,18811.0,0.276,18811.9,0.013,18810.9,2.647,18812.0,0.022,18810.8,0.117,18812.1,0.001,18810.7,0.352,18812.7,0.532,18810.6,0.108,18812.8,0.002,18810.5,1.051,18812.9,0.002,18810.4,0.215
2023-01-13 00:32:39,18811.4,14.093,18811.3,27.573,18811.5,2.876,18811.2,5.627,18811.6,0.081,18811.1,0.035,18811.7,1.738,18810.9,2.647,18811.9,0.013,18810.8,0.117,18812.0,0.022,18810.6,0.108,18812.1,0.001,18810.5,1.052,18812.2,1.387,18810.4,0.211,18812.7,0.532,18810.3,4.043,18812.8,0.002,18810.2,1.63
2023-01-13 00:32:40,18811.4,13.195,18811.3,30.493,18811.5,3.49,18811.2,5.628,18811.6,2.528,18811.1,0.013,18811.7,1.738,18810.9,2.487,18811.9,0.013,18810.8,0.037,18812.0,0.022,18810.7,0.797,18812.1,0.001,18810.6,0.108,18812.7,0.532,18810.5,1.013,18812.8,0.002,18810.4,0.211,18812.9,0.002,18810.3,4.099
2023-01-13 00:32:40,18811.4,8.055,18811.3,31.931,18811.5,2.876,18811.2,5.679,18811.6,0.008,18811.1,0.013,18811.7,1.738,18810.9,2.487,18811.9,0.013,18810.8,0.037,18812.0,0.022,18810.7,0.797,18812.1,0.001,18810.6,0.108,18812.7,0.532,18810.5,5.087,18812.8,0.002,18810.4,0.131,18812.9,0.002,18810.3,4.126
2023-01-13 00:32:40,18811.4,8.094,18811.3,32.262,18811.5,3.001,18811.2,5.64,18811.6,0.008,18811.1,0.81,18811.7,1.738,18810.9,2.976,18811.9,0.013,18810.8,0.037,18812.0,0.03,18810.7,0.008,18812.1,0.001,18810.6,0.108,18812.2,2.566,18810.5,3.54,18812.4,1.387,18810.4,0.131,18812.7,0.001,18810.3,4.126
2023-01-13 00:32:40,18811.4,22.439,18811.3,6.963,18811.5,2.451,18811.2,0.131,18811.6,0.008,18811.1,0.013,18811.7,1.738,18810.9,0.118,18811.9,0.039,18810.7,0.008,18812.0,0.059,18810.5,3.54,18812.1,0.998,18810.4,0.105,18812.2,2.566,18810.3,2.562,18812.4,0.091,18810.2,0.001,18812.6,0.054,18810.1,2.548
2023-01-13 00:32:41,18811.4,20.919,18811.3,8.983,18811.5,3.154,18811.2,0.131,18811.6,0.008,18811.1,0.013,18811.7,1.738,18810.9,1.592,18811.9,0.039,18810.7,2.213,18812.0,0.059,18810.6,5.1,18812.1,1.529,18810.5,3.539,18812.2,2.566,18810.4,0.105,18812.4,0.091,18810.3,1.271,18812.5,0.001,18810.2,0.001
2023-01-13 00:32:41,18811.4,19.977,18811.3,9.731,18811.5,3.154,18811.2,0.13,18811.6,0.081,18811.1,0.013,18811.7,1.738,18810.9,1.592,18811.9,0.039,18810.7,2.2,18812.0,0.059,18810.6,5.1,18812.1,1.529,18810.5,3.539,18812.2,2.566,18810.4,0.105,18812.4,0.091,18810.3,1.271,18812.5,0.001,18810.2,0.001
2023-01-13 00:32:41,18811.4,20.054,18811.3,14.562,18811.5,3.332,18811.2,0.13,18811.6,0.081,18811.1,0.013,18811.7,1.738,18810.9,1.592,18811.9,0.039,18810.7,2.2,18812.0,0.059,18810.5,3.539,18812.1,1.529,18810.4,0.105,18812.2,2.566,18810.3,1.021,18812.4,0.091,18810.2,0.001,18812.5,0.001,18810.1,3.345
2023-01-13 00:32:41,18811.4,22.21,18811.3,8.662,18811.5,3.332,18811.2,0.136,18811.6,0.081,18811.1,0.013,18811.7,1.738,18810.9,1.592,18811.9,0.081,18810.7,2.2,18812.0,0.059,18810.5,3.539,18812.1,1.529,18810.4,0.105,18812.2,2.566,18810.3,1.001,18812.4,0.091,18810.2,0.001,18812.5,0.001,18810.1,3.365
2023-01-13 00:32:42,18811.4,23.85,18811.3,8.291,18811.5,3.36,18811.2,0.136,18811.6,0.081,18811.1,0.013,18811.7,1.738,18810.9,1.592,18811.9,0.081,18810.7,0.008,18812.0,0.59,18810.5,3.662,18812.1,0.998,18810.4,0.105,18812.2,2.566,18810.3,1.001,18812.4,0.091,18810.2,0.001,18812.5,0.001,18810.1,3.365
2023-01-13 00:32:42,18811.4,22.358,18811.3,8.291,18811.5,3.36,18811.2,0.137,18811.6,0.081,18811.1,0.013,18811.7,1.738,18810.9,1.592,18811.9,0.081,18810.7,0.008,18812.0,0.59,18810.5,3.657,18812.1,0.998,18810.4,0.105,18812.2,2.566,18810.3,1.001,18812.4,0.091,18810.2,0.001,18812.5,0.001,18810.1,3.365
2023-01-13 00:32:42,18811.4,22.415,18811.3,8.272,18811.5,3.36,18811.2,0.136,18811.6,0.081,18811.1,0.013,18811.7,1.738,18810.9,1.592,18811.9,0.081,18810.7,0.008,18812.0,0.59,18810.5,3.657,18812.1,0.998,18810.4,0.105,18812.2,2.566,18810.3,1.001,18812.4,0.091,18810.2,0.001,18812.5,0.001,18810.1,3.365
2023-01-13 00:32:42,18811.4,23.109,18811.3,5.306,18811.5,3.36,18811.2,0.136,18811.6,0.081,18811.1,0.013,18811.7,1.738,18810.9,1.592,18811.8,0.531,18810.8,0.531,18811.9,0.081,18810.7,0.008,18812.0,0.059,18810.5,3.697,18812.1,0.998,18810.4,0.105,18812.2,2.566,18810.3,0.001,18812.4,0.091,18810.2,0.06
2023-01-13 00:32:43,18811.4,17.819,18811.3,7.919,18811.5,3.862,18811.2,0.136,18811.6,0.081,18811.1,1.142,18811.7,1.738,18810.9,1.031,18811.9,0.081,18810.8,0.531,18812.0,0.059,18810.7,0.008,18812.1,0.998,18810.5,2.579,18812.2,2.566,18810.4,0.105,18812.4,0.091,18810.2,0.059,18812.5,1.272,18810.1,2.508
2023-01-13 00:32:43,18811.4,16.542,18811.3,7.853,18811.5,3.862,18811.2,0.136,18811.6,0.081,18811.1,1.142,18811.7,1.738,18810.9,1.031,18811.9,0.081,18810.8,0.531,18812.0,0.059,18810.7,0.008,18812.1,0.998,18810.6,0.659,18812.2,2.566,18810.5,2.579,18812.4,0.091,18810.4,0.105,18812.5,1.272,18810.2,0.059
2023-01-13 00:32:43,18811.4,16.867,18811.3,7.738,18811.5,3.862,18811.2,0.137,18811.6,0.081,18811.1,1.142,18811.7,1.738,18810.9,1.562,18811.9,0.081,18810.7,0.008,18812.0,0.059,18810.6,0.659,18812.1,0.998,18810.5,2.579,18812.2,2.566,18810.4,0.105,18812.4,0.091,18810.2,0.06,18812.5,1.272,18810.1,2.508
2023-01-13 00:32:43,18811.4,12.993,18811.3,16.147,18811.5,3.294,18811.2,0.137,18811.6,0.081,18811.1,1.673,18811.7,1.738,18810.9,1.031,18811.9,0.586,18810.7,0.008,18812.0,0.059,18810.5,2.579,18812.1,1.337,18810.4,0.105,18812.2,2.566,18810.3,1.71,18812.4,0.054,18810.2,0.06,18812.5,1.272,18810.1,2.508
2023-01-13 00:32:44,18811.4,11.617,18811.3,16.9,18811.5,3.185,18811.2,0.137,18811.6,0.008,18811.1,1.673,18811.7,1.738,18810.9,1.031,18811.8,0.029,18810.7,0.008,18811.9,0.586,18810.6,5.1,18812.0,0.059,18810.5,2.579,18812.1,1.337,18810.4,0.105,18812.2,2.566,18810.3,1.694,18812.3,0.001,18810.2,0.06
2023-01-13 00:32:44,18811.4,11.522,18811.3,17.294,18811.5,3.108,18811.2,0.137,18811.6,0.008,18811.1,1.673,18811.7,1.738,18810.9,1.031,18811.8,0.029,18810.8,5.1,18811.9,0.586,18810.7,0.008,18812.0,0.059,18810.6,5.1,18812.1,1.337,18810.5,2.579,18812.2,2.566,18810.4,0.105,18812.3,0.001,18810.3,1.694
2023-01-13 00:32:44,18811.4,12.013,18811.3,16.602,18811.5,3.108,18811.2,0.668,18811.6,0.008,18811.1,1.142,18811.7,1.738,18810.9,1.031,18811.8,0.029,18810.8,0.026,18811.9,0.586,18810.7,0.008,18812.0,0.059,18810.6,5.1,18812.1,1.337,18810.5,0.052,18812.2,2.566,18810.4,0.105,18812.3,0.001,18810.3,1.763
2023-01-13 00:32:44,18811.4,13.929,18811.3,14.714,18811.5,3.108,18811.2,0.668,18811.6,0.008,18811.1,1.142,18811.7,1.738,18810.9,1.031,18811.8,0.029,18810.8,0.026,18811.9,0.586,18810.7,0.008,18812.0,0.059,18810.5,0.052,18812.1,1.337,18810.4,0.105,18812.2,3.953,18810.3,1.764,18812.3,0.001,18810.2,0.06
2023-01-13 00:32:45,18811.4,17.968,18811.3,6.149,18811.5,3.108,18811.2,0.668,18811.6,0.008,18811.1,1.142,18811.7,1.738,18810.9,1.031,18811.8,0.029,18810.8,0.16,18811.9,0.586,18810.7,0.008,18812.0,0.059,18810.5,0.052,18812.1,1.589,18810.3,1.764,18812.2,2.566,18810.2,0.06,18812.3,0.001,18810.1,2.535
2023-01-13 00:32:45,18811.4,19.653,18811.3,8.336,18811.5,3.145,18811.2,0.138,18811.6,0.008,18811.1,1.142,18811.7,2.269,18811.0,0.531,18811.8,0.029,18810.9,1.031,18811.9,0.081,18810.7,0.008,18812.0,0.059,18810.5,0.052,18812.1,1.589,18810.3,1.763,18812.2,2.566,18810.2,0.059,18812.3,0.001,18810.1,2.568
2023-01-13 00:32:45,18811.4,20.072,18811.3,8.209,18811.5,3.145,18811.2,0.137,18811.6,0.001,18811.1,1.142,18811.7,2.269,18811.0,0.531,18811.8,0.029,18810.9,1.031,18811.9,0.081,18810.7,0.008,18812.0,0.059,18810.5,0.052,18812.1,1.589,18810.3,1.94,18812.2,2.566,18810.2,5.159,18812.3,0.001,18810.1,2.568
2023-01-13 00:32:45,18811.0,52.134,18810.9,0.531,18811.1,9.782,18810.7,0.008,18811.3,0.45,18810.5,0.091,18811.4,3.241,18810.3,0.791,18811.5,3.145,18810.2,0.059,18811.6,0.001,18810.1,2.507,18811.7,1.438,18809.9,0.06,18811.8,0.029,18809.8,0.008,18811.9,0.081,18809.7,1.268,18812.0,0.487,18809.6,0.541
2023-01-13 00:32:46,18811.0,58.738,18810.9,0.544,18811.1,8.712,18810.7,0.008,18811.3,0.45,18810.5,0.052,18811.4,3.073,18810.3,0.791,18811.5,2.451,18810.2,0.059,18811.6,0.001,18810.1,2.507,18811.7,1.546,18810.0,1.011,18811.8,0.029,18809.9,0.02,18811.9,0.081,18809.8,0.539,18812.0,0.487,18809.7,1.375
2023-01-13 00:32:46,18809.8,7.953,18809.7,0.008,18809.9,14.179,18809.6,0.181,18810.0,18.898,18809.5,0.204,18810.1,12.363,18809.4,0.141,18810.2,15.938,18809.3,0.32,18810.3,21.296,18809.1,0.08,18810.4,22.623,18809.0,0.16,18810.5,8.147,18808.9,0.797,18810.6,13.079,18808.8,0.013,18810.7,9.56,18808.6,0.974
2023-01-13 00:32:46,18808.3,32.536,18808.2,2.197,18808.4,0.696,18808.1,0.922,18808.6,1.018,18808.0,1.167,18808.7,0.644,18807.9,0.034,18809.0,10.933,18807.8,0.295,18809.1,11.779,18807.7,0.634,18809.3,0.001,18807.6,0.015,18809.4,0.144,18807.5,0.011,18809.5,3.772,18807.3,0.479,18809.6,2.21,18807.2,0.373
2023-01-13 00:32:46,18808.3,35.607,18808.2,8.166,18808.4,1.085,18808.1,0.003,18808.6,1.018,18808.0,1.167,18808.7,0.644,18807.9,0.054,18808.8,0.055,18807.8,0.295,18809.0,2.267,18807.7,0.634,18809.1,1.68,18807.6,0.015,18809.3,0.038,18807.5,0.111,18809.4,0.264,18807.3,0.08,18809.5,1.29,18807.2,0.373
2023-01-13 00:32:47,18808.3,43.866,18808.2,5.911,18808.4,1.078,18808.1,0.471,18808.8,0.055,18808.0,1.167,18809.0,0.902,18807.9,0.054,18809.1,1.68,18807.7,0.634,18809.3,0.038,18807.6,0.143,18809.4,1.061,18807.5,0.011,18809.5,1.29,18807.3,0.08,18809.6,1.01,18807.1,0.319,18809.7,2.692,18806.9,1.68
2023-01-13 00:32:47,18808.3,43.866,18808.2,5.995,18808.4,0.726,18808.1,0.471,18808.8,0.852,18808.0,1.167,18809.0,0.902,18807.9,0.054,18809.1,1.68,18807.7,0.634,18809.3,0.038,18807.6,0.143,18809.4,0.264,18807.5,0.011,18809.5,1.29,18807.3,0.08,18809.6,1.01,18807.1,0.16,18809.7,3.364,18806.9,0.691
2023-01-13 00:32:47,18808.3,43.87,18808.2,6.121,18808.4,0.726,18808.1,0.471,18808.8,0.852,18808.0,1.167,18808.9,0.021,18807.9,0.054,18809.0,0.902,18807.7,0.634,18809.1,1.68,18807.6,0.151,18809.3,0.038,18807.5,0.011,18809.4,0.264,18807.3,0.08,18809.5,1.29,18807.1,0.16,18809.6,1.01,18806.9,0.691
2023-01-13 00:32:47,18808.3,43.174,18808.2,9.895,18808.4,0.726,18808.1,0.471,18808.8,0.852,18808.0,1.167,18808.9,0.021,18807.9,0.054,18809.0,0.902,18807.7,0.634,18809.1,1.68,18807.6,0.151,18809.3,0.038,18807.5,0.011,18809.4,0.264,18807.3,0.08,18809.5,1.627,18807.1,0.16,18809.6,1.01,18806.9,0.735
2023-01-13 00:32:48,18808.3,46.7,18808.2,5.474,18808.4,0.679,18808.1,0.471,18808.8,0.852,18808.0,1.167,18808.9,0.021,18807.9,0.054,18809.0,0.902,18807.7,0.389,18809.1,1.68,18807.6,0.151,18809.3,0.038,18807.5,0.01,18809.4,0.199,18807.0,5.1,18809.5,1.627,18806.9,0.575,18809.6,1.01,18806.8,0.251
2023-01-13 00:32:48,18808.3,48.294,18808.2,2.081,18808.4,0.716,18808.1,0.003,18808.8,0.852,18808.0,1.167,18808.9,0.021,18807.9,0.054,18809.0,0.8,18807.7,0.389,18809.1,1.68,18807.6,0.023,18809.3,0.091,18807.5,0.011,18809.4,0.454,18806.9,0.531,18809.5,1.403,18806.8,0.646,18809.6,1.01,18806.7,0.833
2023-01-13 00:32:48,18808.3,47.822,18808.2,1.901,18808.4,0.716,18808.1,0.003,18808.8,0.852,18808.0,0.003,18808.9,0.021,18807.9,0.054,18809.0,0.8,18807.7,0.389,18809.1,1.68,18807.6,0.023,18809.3,0.091,18807.5,0.011,18809.4,0.454,18807.0,5.1,18809.5,1.459,18806.9,0.531,18809.6,1.01,18806.8,0.647
2023-01-13 00:32:48,18808.3,28.669,18808.2,4.232,18808.4,0.679,18808.1,0.003,18808.9,0.021,18808.0,0.003,18809.0,0.8,18807.9,0.054,18809.1,1.68,18807.7,0.537,18809.3,0.054,18807.6,0.023,18809.4,0.4,18807.5,0.011,18809.5,1.413,18807.1,0.027,18809.6,1.01,18807.0,5.224,18809.7,2.598,18806.9,0.001
2023-01-13 00:32:49,18808.3,28.487,18808.2,4.201,18808.4,0.679,18808.1,0.003,18808.9,0.818,18808.0,0.003,18809.0,0.8,18807.9,0.054,18809.1,1.68,18807.7,0.537,18809.3,0.207,18807.6,0.023,18809.4,0.427,18807.5,0.011,18809.5,1.413,18807.0,6.224,18809.6,1.01,18806.9,5.101,18809.7,2.598,18806.8,1.207
2023-01-13 00:32:49,18808.3,28.663,18808.2,4.178,18808.4,0.679,18808.1,0.003,18808.8,0.423,18808.0,0.003,18808.9,0.818,18807.9,0.054,18809.0,0.8,18807.8,0.151,18809.1,1.68,18807.7,0.537,18809.3,0.054,18807.6,0.023,18809.4,0.427,18807.5,0.011,18809.5,1.402,18807.1,1.556,18809.6,1.01,18807.0,6.224
2023-01-13 00:32:49,18808.3,31.418,18808.2,2.785,18808.4,0.716,18808.1,0.003,18808.8,0.478,18808.0,0.003,18808.9,0.818,18807.9,0.054,18809.0,0.8,18807.8,0.151,18809.1,1.68,18807.7,0.508,18809.3,0.118,18807.6,0.023,18809.4,0.492,18807.5,0.011,18809.5,1.402,18807.0,1.655,18809.6,1.01,18806.8,0.24
2023-01-13 00:32:49,18808.3,32.541,18808.2,1.037,18808.4,0.716,18808.1,0.003,18808.8,0.478,18808.0,0.003,18808.9,0.83,18807.9,0.054,18809.0,0.8,18807.8,0.151,18809.1,1.68,18807.7,0.508,18809.3,0.118,18807.6,0.023,18809.4,0.492,18807.5,0.011,18809.5,1.402,18807.0,0.655,18809.6,1.01,18806.8,0.241
2023-01-13 00:32:50,18808.3,32.199,18808.2,1.465,18808.4,0.711,18808.1,0.003,18808.8,0.478,18808.0,0.003,18808.9,0.83,18807.9,0.054,18809.0,0.8,18807.8,0.151,18809.1,1.68,18807.7,0.508,18809.3,0.118,18807.6,0.023,18809.4,0.492,18807.5,0.011,18809.5,1.402,18807.1,0.387,18809.6,1.01,18807.0,0.531
2023-01-13 00:32:50,18808.3,33.348,18808.2,1.195,18808.4,0.711,18808.1,0.003,18808.8,0.478,18808.0,0.003,18808.9,0.842,18807.9,0.02,18809.0,0.8,18807.8,0.151,18809.1,1.68,18807.7,0.508,18809.3,0.118,18807.6,0.023,18809.4,0.492,18807.5,0.011,18809.5,1.402,18807.1,0.387,18809.6,1.01,18807.0,0.531
2023-01-13 00:32:50,18808.3,33.195,18808.2,1.201,18808.4,0.711,18808.1,0.003,18808.8,0.478,18808.0,0.003,18808.9,0.842,18807.9,0.02,18809.0,0.8,18807.8,0.151,18809.1,1.68,18807.7,0.508,18809.2,0.173,18807.6,0.023,18809.3,0.118,18807.5,0.011,18809.4,0.492,18807.3,0.035,18809.5,1.402,18807.0,0.531
2023-01-13 00:32:50,18807.9,49.374,18807.8,0.4,18808.0,7.977,18807.7,0.389,18808.2,0.847,18807.6,0.023,18808.3,7.018,18807.5,0.011,18808.4,0.885,18807.3,0.035,18808.8,4.279,18807.0,0.003,18808.9,0.046,18806.9,0.02,18809.0,0.821,18806.8,0.646,18809.1,1.68,18806.7,0.021,18809.3,0.118,18806.6,0.006
2023-01-13 00:32:51,18807.9,50.488,18807.8,0.4,18808.0,8.962,18807.7,0.389,18808.2,0.847,18807.6,0.023,18808.3,6.375,18807.5,0.011,18808.4,0.211,18807.3,0.035,18808.7,0.454,18807.0,0.131,18808.8,0.055,18806.9,0.021,18808.9,0.046,18806.8,0.646,18809.0,0.821,18806.7,0.021,18809.1,1.68,18806.6,0.005
2023-01-13 00:32:51,18807.9,47.22,18807.8,0.571,18808.0,4.96,18807.7,0.389,18808.2,0.05,18807.6,0.023,18808.3,4.146,18807.5,0.011,18808.4,0.211,18807.3,0.035,18808.7,1.251,18807.0,0.131,18808.8,0.055,18806.9,0.021,18808.9,0.046,18806.8,0.311,18809.0,0.821,18806.7,0.021,18809.1,1.68,18806.6,0.005
2023-01-13 00:32:51,18806.6,5.791,18806.5,0.919,18806.7,8.546,18806.0,0.001,18806.8,15.392,18805.8,2.55,18806.9,10.618,18805.7,0.029,18807.0,47.519,18805.6,0.233,18807.1,14.464,18805.5,0.32,18807.2,2.053,18805.4,0.067,18807.3,4.434,18805.2,3.21,18807.4,33.986,18805.1,0.077,18807.5,0.817,18805.0,0.163
2023-01-13 00:32:51,18805.1,4.977,18805.0,9.438,18805.2,0.832,18804.9,1.748,18805.3,0.705,18804.8,0.001,18805.4,0.352,18804.7,0.001,18805.5,1.009,18804.6,1.239,18805.6,0.705,18804.5,0.16,18805.7,1.279,18804.4,0.002,18805.8,5.757,18804.3,0.081,18806.0,3.353,18804.2,0.811,18806.1,2.409,18804.1,1.457
2023-01-13 00:32:52,18805.1,6.391,18805.0,15.334,18805.2,2.112,18804.9,1.748,18805.3,0.705,18804.8,0.001,18805.4,0.352,18804.7,0.001,18805.5,0.675,18804.6,1.239,18805.6,0.705,18804.5,0.16,18805.7,0.708,18804.4,0.002,18805.8,4.666,18804.3,0.11,18806.1,1.126,18804.2,2.211,18806.2,0.352,18804.1,1.457
2023-01-13 00:32:52,18805.1,9.744,18805.0,14.843,18805.2,3.141,18804.9,1.748,18805.6,1.387,18804.8,0.001,18805.7,0.013,18804.7,0.001,18805.8,4.666,18804.6,1.239,18806.0,0.394,18804.5,0.16,18806.1,1.001,18804.4,0.002,18806.2,0.019,18804.3,0.11,18806.3,0.039,18804.2,0.811,18806.4,0.076,18804.1,3.595
2023-01-13 00:32:52,18805.1,12.139,18805.0,8.592,18805.2,4.528,18804.9,1.748,18805.7,1.085,18804.8,0.001,18805.8,4.666,18804.7,0.001,18806.1,1.001,18804.6,1.239,18806.2,0.019,18804.5,0.16,18806.3,0.066,18804.4,0.01,18806.4,0.076,18804.3,0.11,18806.5,0.36,18804.2,5.911,18806.6,0.035,18804.1,3.594
2023-01-13 00:32:52,18805.1,11.985,18805.0,9.575,18805.2,3.178,18804.9,1.748,18805.6,0.026,18804.8,0.001,18805.7,1.466,18804.7,0.001,18805.8,4.666,18804.6,1.24,18806.1,1.038,18804.5,0.16,18806.2,0.019,18804.4,0.68,18806.3,0.131,18804.3,0.11,18806.4,0.076,18804.2,0.692,18806.5,0.179,18804.1,1.457
2023-01-13 00:32:53,18805.1,14.667,18805.0,9.329,18805.2,3.178,18804.9,2.059,18805.6,0.026,18804.8,0.001,18805.7,1.466,18804.7,0.001,18805.8,4.666,18804.6,1.239,18806.1,1.038,18804.5,0.16,18806.2,0.019,18804.4,0.68,18806.3,0.131,18804.3,0.11,18806.4,0.076,18804.2,0.692,18806.5,0.192,18804.1,1.457
2023-01-13 00:32:53,18805.1,7.235,18805.0,20.623,18805.2,1.76,18804.9,2.096,18805.7,1.479,18804.8,0.001,18805.8,4.152,18804.7,0.001,18806.1,1.001,18804.6,1.239,18806.2,0.019,18804.5,0.026,18806.3,0.039,18804.4,0.01,18806.4,0.076,18804.3,0.11,18806.5,0.153,18804.2,0.692,18806.6,0.034,18804.1,2.798
2023-01-13 00:32:53,18806.9,0.008,18806.8,7.888,18807.1,3.033,18806.6,0.228,18807.2,0.026,18806.5,45.446,18807.4,1.28,18806.4,0.563,18807.7,0.001,18806.3,6.992,18807.8,4.282,18806.2,16.3,18807.9,4.837,18806.1,0.077,18808.0,0.034,18805.9,0.02,18808.2,0.032,18805.8,0.012,18808.3,1.442,18805.7,2.057
2023-01-13 00:32:53,18807.1,26.908,18807.0,12.752,18807.2,0.026,18806.8,0.222,18807.4,1.28,18806.5,0.21,18807.6,0.067,18806.4,0.026,18807.7,0.001,18806.2,0.281,18807.8,4.505,18806.1,1.37,18807.9,4.821,18805.9,0.421,18808.0,0.033,18805.8,0.013,18808.2,0.033,18805.7,0.027,18808.3,1.496,18805.6,0.113
2023-01-13 00:32:54,18807.1,27.969,18807.0,12.339,18807.2,0.026,18806.8,0.222,18807.4,1.28,18806.5,0.21,18807.6,0.067,18806.4,0.026,18807.7,0.001,18806.2,0.275,18807.8,4.282,18806.0,0.035,18807.9,5.047,18805.9,0.146,18808.0,0.033,18805.8,0.013,18808.1,0.053,18805.7,0.001,18808.2,0.033,18805.6,0.113
2023-01-13 00:32:54,18807.1,27.48,18807.0,12.831,18807.2,0.026,18806.8,0.222,18807.4,1.28,18806.5,0.21,18807.6,0.067,18806.4,0.013,18807.7,0.001,18806.2,0.222,18807.8,4.282,18806.0,1.315,18807.9,4.821,18805.9,0.146,18808.0,0.033,18805.8,5.113,18808.1,0.053,18805.7,0.001,18808.2,0.033,18805.6,0.113
2023-01-13 00:32:54,18807.1,30.713,18807.0,7.396,18807.2,0.026,18806.8,0.222,18807.4,1.28,18806.5,0.21,18807.6,0.067,18806.4,0.013,18807.7,0.001,18806.3,0.059,18807.8,4.282,18806.2,0.222,18807.9,4.821,18806.0,0.035,18808.0,0.033,18805.9,0.145,18808.1,0.053,18805.8,0.012,18808.2,0.033,18805.6,0.121
2023-01-13 00:32:54,18807.1,30.631,18807.0,7.186,18807.2,0.063,18806.8,0.222,18807.4,1.28,18806.5,0.21,18807.6,0.067,18806.4,0.013,18807.7,0.001,18806.3,0.059,18807.8,4.583,18806.2,0.222,18807.9,5.056,18806.0,0.035,18808.0,0.033,18805.9,0.145,18808.1,0.091,18805.8,0.012,18808.2,0.098,18805.6,0.113
2023-01-13 00:32:55,18807.1,30.282,18807.0,7.171,18807.2,0.063,18806.8,0.222,18807.4,1.28,18806.5,0.21,18807.6,0.067,18806.4,0.013,18807.7,0.001,18806.2,0.222,18807.8,4.583,18806.0,1.319,18807.9,4.821,18805.9,0.145,18808.0,0.033,18805.8,0.012,18808.1,0.091,18805.7,5.1,18808.2,0.098,18805.6,0.113
2023-01-13 00:32:55,18807.1,29.46,18807.0,7.486,18807.2,0.063,18806.9,0.128,18807.4,1.28,18806.8,0.26,18807.6,0.067,18806.5,0.21,18807.7,0.001,18806.4,0.026,18807.8,4.583,18806.2,0.222,18807.9,4.821,18806.0,1.284,18808.0,0.033,18805.9,0.02,18808.1,0.158,18805.8,0.034,18808.2,0.098,18805.7,5.1
2023-01-13 00:32:55,18807.1,28.999,18807.0,5.926,18807.2,0.063,18806.8,0.222,18807.4,1.28,18806.5,0.21,18807.6,0.067,18806.4,0.034,18807.7,0.009,18806.2,0.222,18807.8,4.583,18805.9,0.02,18807.9,4.821,18805.8,0.012,18808.0,0.033,18805.7,1.306,18808.1,0.158,18805.6,5.736,18808.2,0.098,18805.5,0.006
2023-01-13 00:32:55,18807.1,29.716,18807.0,2.493,18807.2,0.063,18806.8,0.222,18807.4,1.28,18806.5,0.21,18807.6,0.067,18806.4,0.034,18807.7,0.009,18806.2,0.222,18807.8,4.583,18806.1,0.123,18807.9,5.618,18805.9,0.02,18808.0,0.033,18805.8,0.012,18808.1,0.158,18805.7,0.167,18808.2,0.098,18805.6,0.636
2023-01-13 00:32:56,18806.6,55.153,18806.5,0.21,18806.7,2.0,18806.4,0.034,18806.8,0.272,18806.3,0.061,18806.9,3.135,18806.2,0.222,18807.0,1.013,18805.9,0.02,18807.1,16.159,18805.8,0.012,18807.2,0.063,18805.6,0.105,18807.3,0.867,18805.2,0.026,18807.4,1.28,18805.1,0.088,18807.6,0.068,18805.0,1.78
2023-01-13 00:32:56,18806.6,58.528,18806.5,0.031,18806.7,2.0,18806.4,0.034,18806.8,0.272,18806.2,0.222,18806.9,3.932,18805.9,0.02,18807.0,1.013,18805.8,0.012,18807.1,16.984,18805.6,0.105,18807.2,0.063,18805.2,0.026,18807.3,0.07,18805.1,0.088,18807.4,1.28,18805.0,1.78,18807.6,0.068,18804.9,0.25
2023-01-13 00:32:56,18806.6,58.477,18806.5,0.031,18806.7,2.0,18806.4,0.034,18806.8,0.272,18806.3,0.061,18806.9,3.932,18806.2,0.222,18807.0,1.013,18805.9,0.02,18807.1,12.48,18805.8,0.012,18807.2,0.063,18805.6,0.106,18807.3,0.07,18805.2,0.026,18807.4,1.28,18805.1,0.222,18807.6,0.068,18805.0,1.814
2023-01-13 00:32:56,18806.6,61.573,18806.5,0.025,18806.7,2.0,18806.4,0.034,18806.8,0.272,18806.2,0.012,18806.9,3.932,18805.9,0.02,18807.0,1.013,18805.8,0.012,18807.1,12.48,18805.6,0.001,18807.2,0.063,18805.2,0.026,18807.3,0.07,18805.1,0.222,18807.4,1.28,18805.0,1.38,18807.6,0.068,18804.9,0.25
2023-01-13 00:32:57,18803.5,12.925,18803.4,0.334,18803.6,7.416,18803.3,1.64,18803.7,5.083,18803.2,0.002,18803.8,13.735,18803.1,1.253,18803.9,14.044,18803.0,0.634,18804.0,16.202,18802.9,0.013,18804.1,12.12,18802.8,0.001,18804.2,38.356,18802.7,2.157,18804.3,4.771,18802.6,0.001,18804.5,1.5,18802.5,2.501
2023-01-13 00:32:57,18802.1,29.965,18802.0,2.347,18802.2,9.513,18801.9,0.798,18802.3,16.552,18801.8,0.358,18802.4,3.006,18801.7,0.003,18802.5,4.288,18801.6,0.577,18802.6,29.004,18801.5,0.013,18802.7,5.26,18801.3,0.022,18802.8,9.546,18801.2,0.013,18802.9,18.536,18801.1,0.239,18803.0,0.8,18801.0,32.522
2023-01-13 00:32:57,18801.2,8.366,18801.1,0.189,18801.3,6.945,18801.0,26.427,18801.4,7.176,18800.9,0.325,18801.5,7.449,18800.8,0.05,18801.6,14.102,18800.7,0.001,18801.7,11.497,18800.6,0.057,18801.8,7.17,18800.5,0.398,18801.9,19.807,18800.4,1.826,18802.0,21.4,18800.3,2.309,18802.1,55.792,18800.2,0.019
