timestamp,sell1,vsell1,buy1,vbuy1,sell2,vsell2,buy2,vbuy2,sell3,vsell3,buy3,vbuy3,sell4,vsell4,buy4,vbuy4,sell5,vsell5,buy5,vbuy5,sell6,vsell6,buy6,vbuy6,sell7,vsell7,buy7,vbuy7,sell8,vsell8,buy8,vbuy8,sell9,vsell9,buy9,vbuy9,sell10,vsell10,buy10,vbuy10
2023-01-17 15:54:23,21131.8,0.046,21131.7,28.68,21132.1,0.01,21131.6,0.104,21132.3,0.001,21131.4,3.114,21132.8,0.026,21131.3,0.543,21132.9,0.003,21131.2,3.4,21133.0,0.001,21131.1,0.237,21133.7,16.984,21131.0,1.081,21133.8,0.001,21130.6,0.001,21133.9,0.008,21130.5,4.941,21134.0,0.059,21130.4,1.229
2023-01-17 15:54:23,21131.8,3.435,21131.7,4.695,21132.0,0.832,21131.6,0.105,21132.1,0.01,21131.4,0.08,21132.3,0.001,21131.3,0.543,21132.8,0.026,21131.0,0.021,21132.9,0.429,21130.6,0.276,21133.0,1.701,21130.5,3.913,21133.6,0.621,21130.4,3.306,21133.7,16.984,21130.3,2.74,21133.8,0.001,21130.2,0.354
2023-01-17 15:54:23,21131.8,5.249,21131.7,4.441,21132.0,0.832,21131.6,0.105,21132.1,0.01,21131.0,0.021,21132.3,0.919,21130.9,0.1,21132.8,0.026,21130.6,1.271,21132.9,0.429,21130.5,0.504,21133.0,1.701,21130.4,0.419,21133.5,1.936,21130.3,0.331,21133.6,1.315,21130.1,2.257,21133.7,16.984,21130.0,0.013
2023-01-17 15:54:24,21130.9,9.007,21130.8,0.032,21131.0,9.116,21130.6,0.128,21131.1,6.493,21130.5,0.16,21131.2,0.411,21130.4,0.019,21131.3,0.1,21130.3,0.33,21131.4,14.015,21130.0,0.013,21131.5,1.972,21129.9,0.014,21131.6,0.661,21129.8,1.06,21131.7,19.826,21129.7,0.289,21131.8,6.516,21129.6,0.865
2023-01-17 15:54:24,21129.5,16.251,21129.4,0.71,21129.6,11.883,21129.3,0.415,21129.7,11.565,21129.2,0.08,21129.8,4.154,21129.1,0.001,21129.9,8.333,21129.0,0.001,21130.0,9.426,21128.9,0.269,21130.1,6.744,21128.7,0.89,21130.2,7.787,21128.6,0.05,21130.3,3.859,21128.5,1.518,21130.4,14.451,21128.4,3.496
2023-01-17 15:54:24,21129.5,17.058,21129.4,4.813,21129.6,0.001,21129.3,0.095,21129.8,0.85,21129.1,0.001,21130.3,0.118,21129.0,0.081,21130.4,2.983,21128.9,0.008,21130.5,0.107,21128.7,0.902,21130.6,0.057,21128.6,0.05,21130.7,0.167,21128.5,0.186,21130.8,0.642,21128.4,1.78,21130.9,0.653,21128.3,1.555
2023-01-17 15:54:24,21129.5,18.306,21129.4,2.281,21129.8,0.85,21129.3,0.095,21130.3,0.118,21129.1,0.001,21130.4,4.28,21129.0,0.001,21130.5,0.107,21128.9,0.008,21130.6,0.057,21128.7,0.902,21130.7,0.167,21128.6,0.05,21130.8,0.4,21128.5,0.186,21130.9,0.401,21128.4,1.78,21131.0,0.047,21128.3,0.071
2023-01-17 15:54:25,21129.5,13.79,21129.4,4.902,21129.8,0.85,21129.3,0.095,21130.3,0.105,21129.1,0.001,21130.4,4.28,21129.0,0.001,21130.5,0.108,21128.9,0.008,21130.6,0.057,21128.7,0.914,21130.7,0.167,21128.6,0.05,21130.8,0.4,21128.5,0.186,21130.9,0.401,21128.4,1.78,21131.0,0.047,21128.3,1.538
2023-01-17 15:54:25,21129.5,10.308,21129.4,3.037,21130.3,0.105,21129.3,0.095,21130.4,4.007,21129.1,0.001,21130.5,0.108,21129.0,0.001,21130.6,0.057,21128.9,0.008,21130.7,0.167,21128.7,0.934,21130.8,2.1,21128.6,0.09,21130.9,0.401,21128.5,0.225,21131.0,0.283,21128.4,3.247,21131.3,0.031,21128.3,0.071
2023-01-17 15:54:25,21129.5,0.952,21129.4,6.441,21129.6,0.823,21129.3,0.096,21130.3,0.105,21129.0,0.001,21130.4,2.507,21128.9,0.009,21130.5,0.107,21128.7,0.915,21130.6,0.057,21128.6,0.05,21130.7,0.287,21128.5,0.065,21130.8,0.43,21128.4,1.78,21130.9,0.637,21128.3,0.071,21131.0,0.047,21128.2,0.787
2023-01-17 15:54:25,21130.4,1.282,21130.3,25.282,21130.5,0.013,21130.2,5.421,21130.8,0.03,21130.1,1.132,21131.0,0.013,21130.0,0.013,21131.2,0.013,21129.8,2.323,21131.4,0.139,21129.7,0.001,21131.8,0.197,21129.6,0.013,21131.9,0.001,21129.4,1.078,21132.0,0.013,21129.3,0.105,21132.1,0.01,21129.2,0.05
2023-01-17 15:54:26,21130.4,1.13,21130.3,26.998,21130.5,0.013,21130.2,5.421,21130.8,0.03,21130.1,1.132,21131.0,0.013,21130.0,0.013,21131.2,0.013,21129.8,2.323,21131.7,0.485,21129.7,0.001,21131.8,0.197,21129.6,0.013,21131.9,0.001,21129.4,1.06,21132.0,0.013,21129.3,0.105,21132.1,0.01,21129.2,1.548
2023-01-17 15:54:26,21132.8,2.001,21132.7,16.376,21132.9,0.003,21132.6,0.954,21133.0,0.001,21132.5,0.465,21133.1,0.013,21132.3,0.48,21133.3,0.446,21132.0,0.014,21133.4,0.001,21131.9,0.004,21133.5,0.001,21131.6,0.013,21133.6,0.001,21131.3,0.026,21133.7,16.98,21131.0,0.035,21133.8,0.009,21130.9,0.404
2023-01-17 15:54:26,21132.8,2.212,21132.7,18.009,21132.9,0.003,21132.6,2.692,21133.0,0.001,21132.5,0.934,21133.1,0.013,21132.3,0.48,21133.3,0.446,21132.0,0.013,21133.4,0.001,21131.9,0.004,21133.5,0.001,21131.6,0.013,21133.6,1.701,21131.3,0.026,21133.7,16.98,21131.0,0.035,21133.8,0.009,21130.9,0.405
2023-01-17 15:54:26,21132.8,2.334,21132.7,16.19,21132.9,0.003,21132.6,2.692,21133.0,0.001,21132.5,0.934,21133.1,0.013,21132.3,0.48,21133.3,0.446,21132.1,0.64,21133.4,0.001,21132.0,0.021,21133.5,0.009,21131.9,0.004,21133.6,1.701,21131.6,0.013,21133.7,16.98,21131.3,0.026,21133.8,0.009,21131.0,0.035
2023-01-17 15:54:27,21132.8,1.813,21132.7,15.926,21132.9,0.003,21132.6,2.218,21133.0,0.001,21132.5,0.934,21133.1,0.013,21132.3,0.48,21133.3,0.446,21132.1,0.64,21133.4,0.001,21132.0,0.021,21133.5,0.009,21131.9,0.004,21133.6,1.701,21131.6,0.013,21133.7,16.98,21131.3,0.026,21133.8,0.009,21131.0,0.035
2023-01-17 15:54:27,21132.8,0.159,21132.7,18.048,21132.9,0.003,21132.6,2.318,21133.0,0.011,21132.5,0.934,21133.1,0.013,21132.3,0.48,21133.3,0.446,21132.1,0.64,21133.4,0.001,21132.0,0.008,21133.5,0.009,21131.9,0.004,21133.6,0.001,21131.6,1.317,21133.7,17.0,21131.3,0.026,21133.8,0.009,21131.2,0.354
2023-01-17 15:54:27,21132.8,0.049,21132.7,18.847,21132.9,0.003,21132.6,2.336,21133.0,0.011,21132.5,0.934,21133.1,0.014,21132.3,0.48,21133.3,0.447,21132.1,0.64,21133.5,0.009,21132.0,0.008,21133.7,17.0,21131.9,0.004,21133.8,0.01,21131.6,1.317,21134.0,0.06,21131.3,2.535,21134.1,0.005,21131.2,0.354
2023-01-17 15:54:27,21132.8,0.049,21132.7,18.884,21132.9,0.003,21132.6,2.386,21133.0,0.011,21132.5,0.934,21133.1,0.014,21132.3,0.48,21133.3,0.447,21132.0,0.008,21133.5,0.009,21131.9,0.004,21133.7,17.0,21131.6,1.317,21133.8,0.01,21131.3,2.535,21134.0,0.06,21131.2,0.354,21134.1,0.005,21131.1,0.455
2023-01-17 15:54:28,21132.8,2.293,21132.7,16.703,21132.9,0.003,21132.6,2.386,21133.0,0.011,21132.5,0.934,21133.1,0.014,21132.3,0.48,21133.3,0.447,21132.0,0.008,21133.5,0.877,21131.9,0.004,21133.7,17.0,21131.6,0.034,21133.8,0.01,21131.3,3.824,21134.0,0.06,21131.2,0.354,21134.1,0.005,21131.1,0.455
2023-01-17 15:54:28,21132.8,2.318,21132.7,14.961,21132.9,0.003,21132.6,2.386,21133.0,0.011,21132.5,0.934,21133.1,0.014,21132.3,0.48,21133.3,0.447,21132.0,0.008,21133.5,0.009,21131.9,0.004,21133.6,1.7,21131.6,0.034,21133.7,17.0,21131.3,3.771,21133.8,0.01,21131.2,0.354,21134.0,0.06,21131.1,0.455
2023-01-17 15:54:28,21132.8,0.161,21132.7,16.609,21132.9,0.003,21132.6,2.34,21133.0,0.011,21132.5,0.934,21133.1,0.014,21132.3,0.48,21133.3,0.447,21132.0,0.008,21133.5,0.009,21131.9,0.004,21133.7,17.0,21131.6,0.034,21133.8,0.01,21131.4,0.943,21134.0,0.06,21131.3,3.771,21134.1,0.005,21131.2,0.354
2023-01-17 15:54:28,21133.0,0.012,21132.9,18.477,21133.1,0.001,21132.8,6.954,21133.5,0.009,21132.7,3.381,21133.7,17.0,21132.6,2.34,21133.8,0.009,21132.5,0.934,21134.0,0.06,21132.3,0.48,21134.1,0.005,21132.2,0.025,21134.2,2.713,21132.0,0.008,21134.3,20.324,21131.9,0.358,21134.4,0.009,21131.7,1.192
2023-01-17 15:54:29,21140.2,0.476,21139.9,0.45,21140.3,1.074,21139.8,0.164,21140.5,0.001,21139.5,0.1,21140.6,0.127,21139.4,0.25,21140.7,4.582,21139.3,0.1,21140.8,0.95,21139.2,0.453,21140.9,0.637,21139.0,1.431,21141.0,0.535,21138.9,0.462,21141.2,0.407,21138.8,1.611,21141.3,0.003,21138.7,1.823
2023-01-17 15:54:29,21140.3,3.835,21140.2,2.88,21140.5,0.006,21140.1,0.013,21140.9,0.633,21140.0,0.299,21141.0,0.082,21139.9,0.027,21141.1,0.723,21139.5,0.026,21141.2,1.176,21139.0,0.815,21141.3,0.003,21138.8,0.106,21141.5,1.7,21138.5,0.412,21141.6,0.001,21138.4,0.16,21141.7,0.234,21138.3,0.354
2023-01-17 15:54:29,21140.3,4.306,21140.2,3.052,21140.5,0.764,21140.1,0.013,21140.9,0.633,21140.0,0.299,21141.0,0.082,21139.9,0.027,21141.1,0.723,21139.5,0.026,21141.2,0.94,21138.9,0.762,21141.3,0.003,21138.8,0.915,21141.5,1.7,21138.7,0.07,21141.6,0.001,21138.5,0.425,21141.7,1.934,21138.4,0.16
2023-01-17 15:54:29,21140.3,2.803,21140.2,4.637,21140.5,0.006,21140.1,2.507,21140.9,0.839,21140.0,0.299,21141.0,0.082,21139.9,0.906,21141.2,0.94,21139.5,0.026,21141.3,0.003,21138.7,0.07,21141.7,0.234,21138.5,0.265,21142.1,0.238,21138.3,0.354,21142.3,0.721,21138.2,0.006,21142.4,0.078,21138.1,2.235
2023-01-17 15:54:30,21140.3,2.147,21140.2,4.972,21140.5,0.006,21140.1,2.206,21140.9,0.579,21140.0,0.539,21141.0,0.517,21139.9,0.906,21141.1,0.795,21139.5,0.026,21141.2,0.94,21138.9,0.471,21141.3,0.003,21138.8,1.782,21141.7,0.234,21138.7,0.07,21142.1,0.238,21138.5,0.025,21142.3,0.721,21138.3,0.354
2023-01-17 15:54:30,21141.0,0.083,21140.9,34.901,21141.1,0.001,21140.8,11.078,21141.2,0.051,21140.7,1.488,21141.3,0.004,21140.6,0.082,21141.6,0.025,21140.5,0.558,21141.7,0.235,21140.4,0.042,21142.1,0.003,21140.3,0.024,21142.3,0.001,21140.2,0.455,21142.7,0.001,21140.1,2.215,21143.1,0.005,21140.0,0.001
2023-01-17 15:54:30,21141.7,0.095,21141.6,33.371,21142.1,0.003,21141.5,0.914,21142.3,0.001,21141.2,2.001,21142.7,0.001,21141.1,3.669,21143.1,0.005,21141.0,5.333,21143.3,0.001,21140.9,1.029,21143.4,0.005,21140.8,2.661,21143.5,0.425,21140.7,3.981,21143.7,0.729,21140.6,2.839,21143.8,2.402,21140.5,0.558
2023-01-17 15:54:30,21140.5,11.993,21140.4,0.275,21140.9,0.16,21140.2,1.017,21141.2,1.751,21140.1,0.022,21141.3,1.399,21140.0,0.001,21141.4,0.16,21139.9,0.041,21141.5,2.972,21139.6,0.001,21141.6,2.922,21139.5,0.001,21141.7,0.8,21139.4,1.316,21142.1,0.037,21139.1,0.375,21142.3,0.267,21139.0,2.714
2023-01-17 15:54:31,21140.3,13.012,21140.2,2.963,21140.4,0.096,21140.1,0.027,21140.5,0.094,21140.0,0.001,21140.6,0.832,21139.9,0.041,21141.0,0.013,21139.7,0.16,21141.2,0.013,21139.6,0.001,21141.3,0.463,21139.5,0.027,21141.6,1.819,21139.4,1.596,21141.7,0.401,21139.3,3.824,21142.0,0.013,21139.1,0.021
2023-01-17 15:54:31,21137.6,5.219,21137.5,0.344,21137.7,3.028,21137.2,0.16,21137.8,3.377,21137.1,0.05,21137.9,0.41,21136.7,0.191,21138.0,7.749,21136.6,0.02,21138.1,9.076,21136.3,1.174,21138.4,0.208,21136.1,0.095,21138.5,3.325,21136.0,0.145,21138.6,3.254,21135.9,1.418,21138.7,0.071,21135.7,0.236
2023-01-17 15:54:31,21137.6,2.588,21137.5,10.545,21137.8,0.025,21137.2,0.018,21138.0,0.012,21137.1,0.062,21138.6,0.013,21137.0,0.082,21138.7,0.101,21136.6,0.02,21139.3,0.001,21136.4,2.118,21139.8,0.002,21136.3,0.8,21139.9,0.038,21136.2,2.838,21140.0,1.85,21136.1,0.542,21140.2,0.748,21136.0,0.014
2023-01-17 15:54:31,21137.6,0.037,21137.5,10.055,21137.8,0.025,21137.2,0.018,21138.0,0.012,21137.1,0.012,21138.6,0.013,21137.0,0.092,21138.7,0.02,21136.8,0.354,21138.9,0.829,21136.6,0.02,21139.7,0.061,21136.5,3.852,21139.8,0.783,21136.4,1.272,21140.0,0.15,21136.2,2.838,21140.2,0.001,21136.1,0.188
2023-01-17 15:54:32,21138.9,0.539,21138.8,13.015,21139.7,0.02,21138.5,1.942,21139.8,0.002,21138.1,0.014,21140.0,1.085,21137.9,0.914,21140.2,0.001,21137.7,2.094,21140.3,1.237,21137.6,0.463,21140.4,1.704,21137.5,4.969,21140.7,0.816,21137.3,1.164,21140.8,0.021,21137.1,0.047,21141.0,1.482,21137.0,0.092
2023-01-17 15:54:32,21138.9,5.152,21138.8,8.338,21139.0,1.56,21138.5,1.028,21139.6,0.013,21138.1,0.014,21139.7,0.02,21137.7,2.094,21139.8,0.002,21137.6,0.08,21140.0,1.085,21137.5,4.969,21140.2,0.001,21137.3,1.164,21140.3,0.336,21137.1,0.047,21140.4,1.704,21137.0,0.092,21140.6,1.7,21136.8,0.387
2023-01-17 15:54:32,21137.6,37.333,21137.5,0.429,21137.7,11.74,21137.2,0.008,21137.8,2.67,21137.1,0.012,21137.9,0.687,21136.9,0.008,21138.0,0.012,21136.6,0.001,21138.1,3.111,21136.5,0.008,21138.2,4.127,21136.4,0.02,21138.3,1.531,21136.2,0.005,21138.4,0.933,21136.1,0.188,21138.5,1.778,21136.0,0.022
2023-01-17 15:54:32,21136.5,16.874,21136.4,2.006,21136.6,5.284,21136.1,0.107,21136.7,3.454,21136.0,0.042,21136.8,0.036,21135.9,0.025,21136.9,0.011,21135.5,2.337,21137.0,0.4,21135.1,0.93,21137.1,0.313,21135.0,1.654,21137.2,0.15,21134.9,0.06,21137.3,3.19,21134.7,1.641,21137.4,0.602,21134.6,1.49
2023-01-17 15:54:33,21136.5,5.115,21136.4,4.991,21136.6,1.6,21136.1,0.107,21136.7,0.006,21136.0,0.042,21136.8,0.107,21135.9,0.025,21137.0,0.854,21135.5,3.15,21137.3,2.323,21135.1,0.93,21137.4,0.013,21135.0,2.654,21137.5,0.741,21134.8,1.306,21137.6,2.784,21134.7,2.92,21138.1,0.256,21134.6,0.448
2023-01-17 15:54:33,21136.5,0.61,21136.4,10.54,21136.8,0.026,21136.2,0.548,21137.3,2.323,21136.1,0.107,21137.4,0.013,21136.0,0.042,21137.9,0.019,21135.9,0.025,21138.1,0.02,21135.5,3.15,21138.3,0.013,21135.3,0.354,21138.4,0.012,21135.1,0.93,21138.5,1.64,21135.0,1.654,21138.9,0.1,21134.9,0.002
2023-01-17 15:54:33,21137.3,0.021,21137.2,20.767,21137.4,0.013,21137.1,0.001,21138.1,0.02,21137.0,0.946,21138.3,0.013,21136.8,0.07,21138.4,0.516,21136.7,0.914,21138.5,1.64,21136.6,0.025,21138.9,0.1,21136.5,0.047,21139.2,0.584,21136.4,6.733,21139.4,2.263,21136.2,0.548,21139.5,0.001,21136.1,1.8
2023-01-17 15:54:33,21139.1,0.067,21139.0,19.444,21139.5,0.001,21138.9,2.68,21139.6,0.013,21138.8,2.455,21139.8,0.002,21138.5,0.013,21140.0,0.086,21138.4,0.013,21140.1,0.013,21138.3,0.16,21140.2,0.237,21138.2,1.067,21140.3,0.49,21137.5,0.05,21140.4,1.704,21137.4,0.354,21140.9,1.981,21137.3,1.412
2023-01-17 15:54:34,21142.8,1.802,21142.7,6.574,21143.1,0.005,21142.2,0.755,21143.3,0.001,21142.1,0.02,21143.5,0.008,21141.6,0.001,21143.8,0.249,21141.4,0.739,21143.9,0.081,21141.3,1.27,21144.1,0.001,21141.2,1.801,21144.3,0.285,21141.1,0.343,21144.4,1.618,21141.0,0.93,21144.5,0.002,21140.8,1.654
2023-01-17 15:54:34,21142.8,1.978,21142.7,6.092,21143.1,0.005,21142.6,4.289,21143.3,0.001,21142.3,0.201,21143.5,0.008,21142.2,0.755,21143.8,0.236,21142.0,0.013,21144.1,0.427,21141.6,0.001,21144.2,1.7,21141.4,0.235,21144.3,1.12,21141.2,1.801,21144.4,1.618,21141.1,0.343,21144.5,0.002,21141.0,0.943
2023-01-17 15:54:34,21142.8,1.944,21142.7,5.772,21143.1,0.005,21142.6,4.289,21143.3,0.001,21142.3,0.261,21143.4,0.295,21142.2,0.755,21143.5,0.915,21142.1,0.12,21143.8,0.236,21142.0,0.145,21144.1,0.001,21141.6,0.001,21144.3,1.12,21141.4,0.235,21144.4,1.618,21141.2,1.801,21144.5,0.002,21141.1,0.343
2023-01-17 15:54:34,21142.8,1.255,21142.7,6.478,21143.1,0.005,21142.6,4.288,21143.3,0.001,21142.3,0.261,21143.4,0.295,21142.2,0.755,21143.5,0.923,21142.1,0.16,21143.8,0.236,21142.0,0.033,21144.1,0.001,21141.6,0.001,21144.2,0.408,21141.4,0.235,21144.3,1.12,21141.2,1.801,21144.4,1.618,21141.1,0.343
2023-01-17 15:54:35,21142.8,1.268,21142.7,5.812,21143.1,0.006,21142.6,4.289,21143.3,0.001,21142.3,0.262,21143.4,0.298,21142.2,0.756,21143.5,0.924,21142.1,0.101,21143.7,0.001,21142.0,0.034,21143.8,0.237,21141.6,0.001,21144.1,0.002,21141.4,0.236,21144.2,0.413,21141.2,1.802,21144.3,1.121,21141.1,0.344
2023-01-17 15:54:35,21142.8,0.511,21142.7,6.854,21143.1,0.006,21142.6,4.3,21143.3,0.001,21142.3,0.262,21143.5,0.017,21142.2,0.756,21143.9,0.266,21142.0,0.034,21144.0,0.795,21141.8,0.04,21144.1,0.002,21141.7,0.161,21144.2,0.71,21141.6,0.001,21144.3,0.252,21141.4,0.452,21144.4,1.619,21141.2,1.802
2023-01-17 15:54:35,21142.8,0.025,21142.7,7.614,21143.1,0.006,21142.6,4.3,21143.3,0.001,21142.3,0.262,21143.5,0.017,21142.2,0.826,21143.9,0.267,21142.0,0.038,21144.0,0.796,21141.8,0.001,21144.1,0.002,21141.7,0.001,21144.2,0.71,21141.6,0.001,21144.3,0.252,21141.4,0.452,21144.4,1.619,21141.2,3.026
2023-01-17 15:54:35,21144.3,0.001,21144.2,15.293,21144.4,0.003,21144.1,0.457,21144.5,0.003,21144.0,2.056,21144.8,0.001,21143.9,2.039,21145.0,0.174,21143.5,0.081,21145.5,0.058,21143.4,1.575,21145.6,0.002,21143.2,2.97,21145.7,0.033,21143.1,0.384,21145.8,0.002,21143.0,1.116,21145.9,0.091,21142.9,0.38
2023-01-17 15:54:36,21147.3,6.122,21147.2,3.689,21147.4,1.1,21147.1,0.001,21147.5,0.677,21146.7,0.236,21147.6,0.949,21146.5,0.039,21147.8,0.05,21146.0,0.193,21147.9,0.05,21145.8,0.93,21148.0,0.072,21145.6,1.669,21148.7,0.002,21145.5,0.038,21148.9,2.284,21145.3,0.18,21149.0,0.025,21145.2,0.4
2023-01-17 15:54:36,21147.3,4.491,21147.2,2.947,21147.4,1.1,21147.1,4.581,21147.5,0.441,21146.8,0.236,21147.6,0.949,21146.5,0.039,21147.7,0.851,21146.0,0.976,21147.8,0.05,21145.8,0.93,21147.9,0.05,21145.6,1.669,21148.0,0.072,21145.5,0.073,21148.2,0.236,21145.4,0.918,21148.6,0.28,21145.3,0.18
2023-01-17 15:54:36,21147.3,6.71,21147.2,2.655,21147.4,1.1,21147.1,4.3,21147.5,0.441,21146.8,0.236,21147.6,0.949,21146.5,0.039,21147.7,0.851,21146.2,0.813,21147.8,0.05,21146.0,0.976,21147.9,0.05,21145.8,0.93,21148.0,0.072,21145.6,1.669,21148.2,0.236,21145.5,0.073,21148.6,0.28,21145.4,0.918
2023-01-17 15:54:36,21147.3,6.813,21147.2,1.358,21147.4,1.1,21147.1,4.3,21147.5,0.441,21146.8,0.236,21147.6,0.949,21146.5,0.039,21147.7,0.851,21146.2,0.813,21147.8,0.05,21146.0,0.976,21147.9,0.05,21145.8,0.93,21148.0,0.072,21145.6,1.669,21148.5,1.701,21145.5,0.073,21148.6,0.28,21145.4,0.918
2023-01-17 15:54:37,21147.3,5.866,21147.2,1.916,21147.4,1.101,21147.1,4.3,21147.5,0.001,21146.8,0.236,21147.6,0.95,21146.5,0.039,21147.7,0.852,21146.2,0.813,21147.8,0.051,21146.0,0.976,21147.9,0.051,21145.8,0.93,21148.0,0.073,21145.6,1.669,21148.3,0.924,21145.5,0.038,21148.4,1.7,21145.4,0.918
2023-01-17 15:54:37,21147.3,6.938,21147.2,0.962,21147.4,1.101,21147.1,4.206,21147.6,0.95,21146.8,0.236,21147.7,0.852,21146.5,0.039,21147.8,0.051,21146.2,0.813,21147.9,0.331,21146.0,0.976,21148.0,0.073,21145.8,0.93,21148.3,0.925,21145.6,1.662,21148.4,1.701,21145.5,0.038,21148.5,1.701,21145.4,0.918
2023-01-17 15:54:37,21147.3,7.098,21147.2,3.479,21147.4,1.185,21147.1,4.206,21147.5,0.001,21146.8,0.523,21147.6,0.95,21146.5,0.039,21147.7,0.852,21146.0,0.976,21147.8,0.051,21145.8,0.93,21147.9,0.051,21145.6,1.662,21148.0,0.085,21145.5,0.108,21148.3,0.925,21145.4,0.918,21148.4,1.701,21145.3,0.186
2023-01-17 15:54:37,21147.3,0.76,21147.2,6.52,21147.4,0.085,21147.1,4.589,21147.6,0.95,21146.9,0.278,21147.8,0.051,21146.8,0.368,21147.9,0.001,21146.6,0.751,21148.0,0.093,21146.5,0.047,21148.3,0.001,21146.1,1.737,21148.7,0.003,21145.9,0.77,21148.8,0.816,21145.8,0.93,21148.9,0.014,21145.6,1.662
2023-01-17 15:54:38,21147.3,0.761,21147.2,7.562,21147.4,0.085,21147.1,4.589,21147.6,0.004,21146.9,0.675,21147.8,0.051,21146.8,0.368,21147.9,0.001,21146.6,2.266,21148.0,0.093,21146.5,0.047,21148.3,0.001,21145.9,0.77,21148.7,0.003,21145.8,0.93,21148.8,0.237,21145.6,1.662,21148.9,0.014,21145.5,1.472
2023-01-17 15:54:38,21147.3,0.521,21147.2,7.303,21147.4,0.085,21147.1,4.589,21147.6,0.004,21146.9,0.675,21147.8,0.051,21146.8,0.368,21148.0,0.093,21146.6,2.266,21148.7,0.003,21146.5,0.047,21148.8,0.237,21145.9,0.77,21148.9,0.93,21145.8,0.93,21149.0,0.033,21145.7,0.384,21149.2,0.262,21145.6,3.025
2023-01-17 15:54:38,21147.3,0.522,21147.2,6.182,21147.4,0.085,21147.1,4.206,21147.6,0.004,21146.9,0.675,21147.8,0.051,21146.8,0.368,21148.0,0.093,21146.6,2.266,21148.4,0.871,21146.5,0.047,21148.7,0.003,21145.9,0.77,21148.8,0.001,21145.8,0.93,21148.9,0.014,21145.7,0.384,21149.0,0.033,21145.6,5.862
2023-01-17 15:54:38,21149.7,8.387,21149.6,0.241,21149.8,1.649,21149.3,1.023,21149.9,0.384,21148.9,0.013,21150.0,5.724,21148.8,0.16,21150.2,0.068,21148.4,0.013,21150.3,0.031,21148.3,0.06,21150.4,0.001,21147.9,4.302,21150.5,0.007,21147.8,0.35,21150.7,1.855,21147.5,0.034,21150.8,0.083,21147.4,0.001
2023-01-17 15:54:39,21149.7,10.78,21149.6,0.337,21149.8,1.649,21149.5,4.206,21149.9,0.001,21149.2,0.236,21150.0,5.961,21148.9,0.026,21150.2,0.068,21148.7,0.838,21150.3,0.031,21148.3,0.02,21150.4,0.001,21148.0,0.728,21150.5,0.007,21147.9,3.346,21150.7,1.855,21147.8,0.349,21150.8,0.084,21147.6,0.12
2023-01-17 15:54:39,21149.7,0.276,21149.6,7.075,21149.8,0.001,21149.5,4.206,21149.9,0.001,21149.2,0.704,21150.0,5.725,21148.9,0.038,21150.2,0.068,21148.5,0.081,21150.3,0.031,21148.1,0.354,21150.4,0.014,21147.9,0.061,21150.5,0.007,21147.8,0.001,21150.7,1.855,21147.5,0.041,21150.8,0.002,21147.4,0.101
2023-01-17 15:54:39,21150.7,1.699,21150.6,16.185,21150.9,0.012,21150.5,4.205,21151.0,0.049,21150.3,0.914,21151.1,0.956,21150.2,1.281,21151.2,0.144,21150.1,0.382,21151.3,0.021,21150.0,0.001,21151.5,0.001,21149.9,2.139,21151.6,1.283,21149.7,1.863,21151.7,4.25,21149.6,2.327,21151.9,0.001,21149.5,0.007
2023-01-17 15:54:39,21150.7,1.288,21150.6,17.198,21150.9,0.012,21150.5,4.205,21151.0,0.049,21150.3,0.914,21151.1,1.859,21150.2,1.103,21151.2,0.144,21150.1,0.382,21151.3,0.021,21149.9,1.423,21151.5,0.001,21149.7,1.028,21151.6,1.283,21149.6,1.944,21151.7,4.25,21149.5,0.007,21151.9,0.001,21149.4,1.753
2023-01-17 15:54:40,21150.7,1.104,21150.6,18.797,21150.9,0.012,21150.5,4.206,21151.0,0.049,21150.3,0.914,21151.1,1.859,21150.2,1.103,21151.2,0.144,21150.1,0.382,21151.3,0.021,21150.0,0.473,21151.5,0.001,21149.9,1.423,21151.6,0.181,21149.7,1.028,21151.7,4.25,21149.6,1.944,21151.9,0.001,21149.5,0.006
2023-01-17 15:54:40,21151.1,0.33,21151.0,10.255,21151.2,0.144,21150.9,1.708,21151.3,0.021,21150.8,5.87,21151.5,0.001,21150.7,0.028,21151.6,0.003,21150.6,3.415,21151.7,2.516,21150.5,4.206,21151.9,0.001,21150.2,1.028,21152.0,0.207,21150.1,0.001,21152.2,0.082,21150.0,0.481,21152.8,0.245,21149.9,1.066
2023-01-17 15:54:40,21151.1,0.052,21151.0,12.969,21151.2,0.144,21150.9,1.708,21151.3,0.021,21150.8,3.924,21151.5,0.858,21150.6,1.988,21151.6,0.003,21150.5,0.001,21151.7,2.516,21150.2,1.028,21151.9,0.001,21150.1,0.001,21152.0,0.207,21150.0,0.835,21152.2,0.082,21149.9,1.066,21152.8,0.245,21149.8,0.001
2023-01-17 15:54:40,21151.1,0.088,21151.0,10.897,21151.2,0.144,21150.9,1.708,21151.3,0.021,21150.8,2.736,21151.5,0.858,21150.6,0.932,21151.6,0.003,21150.2,1.028,21151.7,2.516,21150.1,0.734,21151.9,0.001,21150.0,0.835,21152.0,0.207,21149.9,1.066,21152.2,0.082,21149.7,1.028,21152.7,0.256,21149.6,1.098
2023-01-17 15:54:41,21151.1,0.673,21151.0,10.75,21151.2,0.264,21150.9,1.708,21151.3,0.021,21150.8,1.622,21151.5,0.858,21150.6,1.092,21151.6,0.003,21150.1,1.08,21151.7,2.516,21150.0,0.858,21151.9,0.001,21149.9,1.066,21152.0,0.207,21149.8,1.347,21152.2,0.082,21149.7,1.028,21152.7,0.256,21149.6,1.098
2023-01-17 15:54:41,21151.2,0.168,21151.1,24.808,21151.3,0.022,21151.0,7.31,21151.5,0.002,21150.9,0.458,21151.6,0.004,21150.8,0.038,21151.7,2.517,21150.6,0.001,21151.9,0.009,21150.1,1.649,21152.0,0.208,21150.0,0.858,21152.2,0.083,21149.9,2.635,21152.7,0.07,21149.7,1.028,21152.8,0.246,21149.6,3.934
2023-01-17 15:54:41,21147.9,5.345,21147.8,0.001,21148.0,2.198,21147.7,0.135,21148.1,3.557,21147.5,0.128,21148.2,5.02,21147.4,0.001,21148.3,2.672,21147.3,0.071,21148.4,7.684,21147.2,0.022,21148.5,12.667,21147.1,0.033,21148.6,5.048,21146.9,0.891,21148.7,8.133,21146.1,0.039,21148.8,1.3,21146.0,0.033
2023-01-17 15:54:41,21147.5,10.436,21147.4,4.23,21147.6,10.392,21147.3,0.071,21147.7,0.068,21147.2,0.001,21147.8,3.758,21147.1,0.024,21147.9,4.642,21147.0,0.02,21148.0,0.716,21146.9,0.891,21148.5,0.027,21146.3,0.236,21149.0,2.029,21146.1,0.039,21149.1,10.557,21146.0,0.025,21149.2,0.4,21145.7,0.056
2023-01-17 15:54:42,21146.1,13.527,21146.0,0.325,21146.2,6.338,21145.7,0.056,21146.3,1.478,21145.5,0.249,21146.4,1.269,21145.3,0.05,21146.5,0.003,21145.2,0.128,21146.6,0.58,21145.1,0.384,21146.7,0.17,21145.0,1.655,21146.8,0.013,21144.8,0.1,21147.0,0.17,21144.6,0.005,21147.2,0.032,21144.3,0.008
2023-01-17 15:54:42,21146.1,0.088,21146.0,8.678,21146.2,0.401,21145.8,2.107,21146.4,0.048,21145.7,0.92,21146.8,0.025,21145.3,0.249,21147.1,0.02,21145.1,0.75,21147.3,0.007,21145.0,0.021,21147.4,0.236,21144.8,1.315,21147.8,0.825,21144.6,0.005,21147.9,0.11,21144.3,0.043,21148.5,0.013,21144.1,2.728
2023-01-17 15:54:42,21146.2,0.085,21146.1,24.81,21146.4,0.048,21146.0,5.412,21146.8,0.025,21145.8,2.107,21147.1,0.02,21145.7,0.92,21147.3,0.902,21145.5,0.071,21147.4,0.236,21145.4,0.008,21147.8,0.825,21145.3,0.062,21147.9,0.123,21145.2,0.985,21148.4,0.22,21145.1,3.587,21148.5,0.858,21145.0,0.021
2023-01-17 15:54:42,21146.8,3.455,21146.7,14.262,21147.1,0.02,21146.5,0.012,21147.3,0.013,21146.3,0.049,21147.4,0.236,21146.2,0.996,21147.8,0.825,21146.1,4.274,21147.9,0.123,21146.0,3.308,21148.3,1.713,21145.8,1.847,21148.4,0.22,21145.4,0.009,21148.5,0.858,21145.3,0.063,21148.7,0.005,21145.2,0.985
2023-01-17 15:54:43,21146.8,4.033,21146.7,10.894,21147.1,0.07,21146.5,0.012,21147.3,0.013,21146.2,0.012,21147.8,0.825,21146.1,2.923,21147.9,0.123,21146.0,2.208,21148.2,0.648,21145.9,0.08,21148.3,1.713,21145.8,1.949,21148.5,0.858,21145.7,0.001,21148.6,1.7,21145.4,0.009,21148.7,0.005,21145.3,0.062
2023-01-17 15:54:43,21146.8,4.293,21146.7,5.991,21146.9,0.148,21146.5,0.012,21147.0,0.797,21146.2,0.012,21147.1,0.07,21146.1,0.496,21147.3,0.013,21145.9,0.249,21147.4,0.236,21145.8,1.846,21147.8,0.825,21145.7,0.208,21147.9,0.123,21145.4,0.008,21148.2,0.648,21145.3,0.152,21148.3,1.879,21145.2,0.985
2023-01-17 15:54:43,21146.8,7.067,21146.7,0.687,21146.9,0.268,21146.5,0.012,21147.0,0.797,21146.2,0.012,21147.1,0.07,21146.1,0.733,21147.2,0.066,21145.9,1.086,21147.3,0.249,21145.8,1.846,21147.8,0.825,21145.6,0.013,21147.9,0.123,21145.4,0.048,21148.2,0.905,21145.3,0.062,21148.3,1.913,21145.2,0.412
2023-01-17 15:54:43,21146.8,2.332,21146.7,5.961,21146.9,0.149,21146.5,0.933,21147.1,0.071,21146.3,0.237,21147.2,0.237,21146.2,0.013,21147.3,0.014,21146.1,0.734,21147.8,0.826,21145.8,1.846,21147.9,0.123,21145.5,0.05,21148.3,0.013,21145.4,0.008,21148.6,1.7,21145.3,0.012,21148.7,0.005,21145.2,0.412
2023-01-17 15:54:44,21149.9,1.321,21149.8,11.933,21150.0,0.058,21149.7,0.082,21150.1,0.932,21149.6,0.006,21150.3,0.039,21149.5,0.128,21150.7,4.069,21149.4,0.485,21151.1,0.014,21149.3,0.014,21151.2,0.148,21149.2,0.78,21151.3,0.829,21149.1,0.308,21151.5,0.002,21149.0,1.511,21151.6,0.004,21148.9,0.304
2023-01-17 15:54:44,21149.9,2.544,21149.8,14.709,21150.0,0.119,21149.7,0.236,21150.1,0.932,21149.2,0.78,21150.3,0.039,21149.1,0.025,21150.6,0.236,21148.2,0.001,21150.7,4.15,21148.1,0.059,21151.1,0.013,21147.9,0.008,21151.2,0.148,21147.8,2.201,21151.3,0.829,21147.7,1.476,21151.5,0.002,21147.6,1.732
2023-01-17 15:54:44,21149.9,2.656,21149.8,11.668,21150.0,0.119,21149.7,0.236,21150.1,0.932,21149.2,0.78,21150.6,1.052,21149.1,0.025,21150.7,4.15,21148.8,0.006,21151.1,0.013,21148.2,0.001,21151.2,0.148,21148.1,0.059,21151.3,0.022,21147.9,0.564,21151.4,0.444,21147.8,2.201,21151.5,1.702,21147.7,1.034
2023-01-17 15:54:44,21149.9,2.609,21149.8,11.878,21150.0,0.969,21149.6,0.202,21150.1,0.932,21149.2,0.78,21150.7,4.15,21149.1,0.025,21151.1,0.013,21148.8,0.006,21151.2,0.148,21148.2,0.001,21151.3,0.022,21148.1,0.059,21151.4,0.68,21147.9,0.564,21151.5,1.702,21147.8,2.201,21151.6,0.004,21147.7,1.034
2023-01-17 15:54:45,21150.0,0.879,21149.9,5.321,21150.1,0.933,21149.8,5.46,21150.7,4.151,21149.6,0.202,21151.1,0.014,21149.4,0.128,21151.2,0.148,21149.2,0.801,21151.3,0.022,21149.1,0.025,21151.4,0.445,21148.5,0.001,21151.5,0.002,21148.2,0.022,21151.6,0.004,21148.1,0.065,21151.7,0.879,21147.9,1.272
2023-01-17 15:54:45,21150.0,5.944,21149.9,6.977,21150.1,0.953,21149.8,2.05,21150.6,0.824,21149.6,0.202,21150.7,4.387,21149.2,0.021,21151.1,0.014,21149.1,0.025,21151.2,0.148,21148.2,0.022,21151.3,0.188,21148.1,0.059,21151.4,0.445,21148.0,0.02,21151.5,0.002,21147.9,1.272,21151.6,0.004,21147.8,2.184
2023-01-17 15:54:45,21150.0,2.477,21149.9,7.606,21150.1,0.953,21149.8,0.948,21150.7,4.387,21149.4,0.768,21151.1,0.014,21149.2,0.021,21151.2,0.148,21149.1,0.025,21151.3,0.022,21148.2,0.034,21151.4,0.001,21148.1,0.024,21151.5,0.002,21148.0,0.02,21151.6,0.004,21147.9,0.084,21151.7,0.048,21147.8,2.151
2023-01-17 15:54:45,21150.0,1.505,21149.9,8.885,21150.1,0.953,21149.8,0.948,21150.7,4.387,21149.4,0.768,21151.1,0.014,21149.2,0.149,21151.2,0.148,21149.1,0.025,21151.3,0.022,21148.6,0.05,21151.4,0.001,21148.3,1.545,21151.5,0.002,21148.2,0.056,21151.6,0.004,21148.1,0.024,21151.7,0.048,21148.0,0.02
2023-01-17 15:54:46,21150.0,1.416,21149.9,9.08,21150.1,0.953,21149.8,0.712,21150.7,4.151,21149.4,0.768,21151.0,0.317,21149.2,0.021,21151.1,0.83,21149.1,0.025,21151.2,0.148,21148.6,0.05,21151.3,0.022,21148.3,1.552,21151.4,0.237,21148.2,0.056,21151.5,0.002,21148.1,0.024,21151.6,0.004,21148.0,0.021
2023-01-17 15:54:46,21150.0,1.951,21149.9,8.167,21150.1,0.023,21149.8,0.712,21150.6,0.876,21149.4,0.768,21150.7,4.07,21149.2,0.061,21151.0,0.001,21149.1,0.025,21151.1,0.117,21149.0,0.128,21151.2,0.148,21148.6,0.05,21151.3,0.258,21148.3,1.552,21151.4,0.001,21148.2,0.056,21151.5,0.002,21148.1,0.024
2023-01-17 15:54:46,21150.0,1.791,21149.9,7.752,21150.1,0.023,21149.8,0.712,21150.7,4.07,21149.4,0.968,21151.1,0.986,21149.2,0.021,21151.2,0.148,21149.1,0.025,21151.3,0.259,21149.0,0.128,21151.5,0.002,21148.6,0.05,21151.6,0.004,21148.3,1.552,21151.7,0.048,21148.2,0.056,21151.9,0.026,21148.1,0.024
2023-01-17 15:54:46,21152.8,0.009,21152.7,15.717,21152.9,0.002,21152.6,10.901,21153.1,0.931,21152.5,0.822,21153.2,0.003,21152.2,0.47,21153.3,0.552,21152.1,1.804,21153.6,0.001,21152.0,0.352,21153.7,0.001,21151.8,0.012,21153.8,0.67,21151.7,0.013,21153.9,0.041,21151.6,1.369,21154.0,0.075,21151.5,0.207
2023-01-17 15:54:47,21153.9,1.38,21153.8,12.204,21154.0,1.175,21153.5,0.048,21154.1,0.826,21153.3,0.006,21154.3,0.126,21153.2,2.221,21154.4,0.136,21153.1,0.052,21154.6,0.013,21152.8,0.014,21154.7,0.001,21152.7,0.24,21155.0,0.167,21152.5,0.352,21155.1,0.091,21152.3,0.385,21155.3,0.004,21152.1,0.387
2023-01-17 15:54:47,21153.9,3.366,21153.8,3.602,21154.0,1.19,21153.3,0.338,21154.1,0.826,21153.2,1.307,21154.3,0.126,21153.1,0.039,21154.4,0.136,21152.8,0.014,21154.5,0.254,21152.7,0.24,21154.6,0.767,21152.5,0.352,21154.7,0.001,21152.3,0.385,21154.8,0.236,21152.1,0.387,21155.0,0.08,21152.0,0.372
2023-01-17 15:54:47,21153.9,4.952,21153.8,0.73,21154.0,1.29,21153.6,0.236,21154.1,0.826,21153.3,0.13,21154.3,0.126,21153.2,0.473,21154.4,0.136,21153.1,0.039,21154.5,0.677,21152.7,0.236,21154.6,0.767,21152.5,0.352,21154.7,0.001,21152.3,0.384,21154.9,1.7,21152.1,0.352,21155.0,0.08,21152.0,0.372
2023-01-17 15:54:47,21152.2,8.741,21152.1,1.853,21152.3,0.267,21152.0,1.147,21152.4,0.12,21151.9,1.609,21152.7,0.927,21151.7,0.767,21153.5,1.7,21151.6,0.291,21153.7,0.812,21151.5,0.013,21153.8,1.907,21151.4,0.013,21153.9,2.656,21151.2,0.157,21154.0,0.218,21151.1,0.183,21154.1,0.02,21151.0,0.164
2023-01-17 15:54:48,21152.2,9.216,21152.1,0.194,21152.3,0.323,21152.0,0.372,21152.4,0.12,21151.8,0.001,21152.7,1.163,21151.6,0.291,21153.1,0.001,21151.5,0.163,21153.2,0.382,21151.4,0.262,21153.3,8.249,21151.2,0.157,21153.5,1.7,21151.1,0.183,21153.7,1.204,21151.0,0.164,21153.8,1.908,21150.7,0.001
2023-01-17 15:54:48,21150.8,13.88,21150.7,0.015,21151.0,0.236,21150.6,0.326,21151.1,2.978,21150.5,0.05,21151.2,0.032,21150.4,0.001,21151.4,0.032,21150.3,0.071,21151.5,1.314,21150.1,0.008,21151.6,2.275,21150.0,0.243,21151.7,2.175,21149.9,0.454,21151.8,0.024,21149.8,0.436,21151.9,0.401,21149.7,0.008
2023-01-17 15:54:48,21150.0,16.43,21149.9,0.225,21150.1,4.982,21149.8,0.863,21150.3,0.905,21149.7,0.746,21150.6,1.095,21149.2,0.008,21150.7,4.477,21149.0,0.02,21150.8,2.724,21148.7,0.013,21151.0,0.001,21148.6,0.013,21151.1,1.045,21148.5,0.32,21151.2,7.88,21148.2,3.236,21151.4,0.013,21148.1,0.79
2023-01-17 15:54:48,21148.0,19.3,21147.9,1.392,21148.1,5.725,21147.8,0.236,21148.2,4.26,21147.7,0.001,21148.3,1.7,21147.6,0.001,21148.4,1.31,21147.3,0.392,21148.5,0.001,21147.2,1.664,21148.7,0.236,21147.1,0.719,21149.0,1.422,21146.8,0.035,21149.1,4.094,21146.7,1.912,21149.2,0.02,21146.5,0.014
2023-01-17 15:54:49,21148.0,15.781,21147.9,4.759,21148.1,5.072,21147.8,0.236,21148.2,3.064,21147.7,0.001,21148.4,1.31,21147.6,0.001,21148.6,0.746,21147.3,0.392,21148.7,0.236,21147.2,1.664,21149.0,0.013,21147.1,0.719,21149.1,0.001,21146.8,0.035,21149.2,0.02,21146.7,1.912,21149.3,1.598,21146.5,0.014
2023-01-17 15:54:49,21148.0,15.969,21147.9,1.401,21148.1,5.072,21147.7,0.001,21148.2,3.064,21147.6,0.001,21148.4,1.254,21147.3,0.392,21148.5,0.236,21147.2,1.9,21148.6,0.746,21147.1,0.719,21149.0,0.013,21147.0,0.013,21149.1,0.001,21146.8,0.035,21149.2,0.02,21146.7,1.912,21149.3,1.598,21146.5,0.001
2023-01-17 15:54:49,21148.0,17.382,21147.9,1.345,21148.1,5.072,21147.7,0.001,21148.2,3.064,21147.6,0.001,21148.4,1.254,21147.3,1.156,21148.5,0.236,21147.2,1.9,21148.6,0.746,21147.1,0.719,21149.0,0.013,21147.0,0.013,21149.1,0.001,21146.8,0.035,21149.2,0.02,21146.7,1.912,21149.3,1.598,21146.5,0.001
2023-01-17 15:54:49,21148.0,14.921,21147.9,3.369,21148.1,5.073,21147.7,0.001,21148.2,3.065,21147.6,0.001,21148.3,0.237,21147.3,1.09,21148.4,1.255,21147.2,1.909,21148.6,0.747,21147.1,0.72,21149.0,0.396,21146.9,0.014,21149.1,4.13,21146.8,0.036,21149.2,0.021,21146.7,1.912,21149.3,1.599,21146.5,0.757
2023-01-17 15:54:50,21148.0,14.505,21147.9,4.862,21148.1,2.978,21147.8,0.746,21148.2,3.065,21147.7,0.001,21148.3,0.237,21147.6,0.001,21148.4,1.255,21147.3,0.326,21148.6,0.747,21147.2,1.909,21149.0,0.014,21147.1,0.72,21149.1,0.002,21146.9,0.014,21149.2,0.42,21146.8,0.036,21149.3,1.199,21146.7,1.912
2023-01-17 15:54:50,21149.1,0.033,21149.0,20.724,21149.2,0.021,21148.9,1.934,21149.3,0.001,21148.6,1.229,21149.5,0.014,21148.5,2.927,21149.7,0.25,21148.3,1.028,21149.8,0.917,21148.2,0.236,21149.9,1.403,21148.1,0.16,21150.0,0.72,21148.0,1.028,21150.1,0.026,21147.9,0.422,21150.6,0.002,21147.8,2.979
2023-01-17 15:54:50,21149.1,2.989,21149.0,13.184,21149.2,0.021,21148.9,2.081,21149.3,0.001,21148.6,1.085,21149.5,0.014,21148.5,2.251,21149.7,1.109,21148.4,0.05,21149.8,0.001,21148.3,1.028,21149.9,1.403,21148.2,0.236,21150.0,0.72,21148.1,1.0,21150.1,0.026,21148.0,1.028,21150.5,0.081,21147.9,0.422
2023-01-17 15:54:50,21149.1,2.969,21149.0,11.979,21149.2,0.021,21148.9,2.081,21149.3,0.001,21148.6,1.085,21149.5,0.014,21148.5,2.251,21149.7,1.109,21148.4,0.05,21149.8,0.001,21148.3,1.036,21149.9,1.403,21148.2,0.236,21150.0,0.72,21148.1,1.0,21150.1,0.026,21148.0,1.028,21150.4,1.7,21147.9,0.302
2023-01-17 15:54:51,21149.1,0.005,21149.0,14.305,21149.2,0.021,21148.9,2.081,21149.3,0.001,21148.6,1.085,21149.5,0.014,21148.5,2.251,21149.7,0.014,21148.4,0.05,21149.8,0.001,21148.3,1.036,21149.9,1.403,21148.2,0.236,21150.0,0.72,21148.1,1.0,21150.1,0.026,21148.0,1.028,21150.4,0.236,21147.9,0.302
2023-01-17 15:54:51,21149.5,1.349,21149.4,9.863,21149.6,0.789,21149.3,0.236,21149.7,0.001,21149.1,0.062,21149.8,0.001,21149.0,3.741,21149.9,1.403,21148.9,1.094,21150.0,10.518,21148.6,1.028,21150.1,0.026,21148.5,2.251,21150.2,0.269,21148.4,0.051,21150.5,0.081,21148.3,1.036,21150.6,0.002,21148.2,0.039
2023-01-17 15:54:51,21149.5,3.195,21149.4,8.86,21149.6,0.789,21149.3,0.236,21149.7,0.001,21149.1,1.157,21149.8,0.001,21149.0,3.241,21149.9,1.403,21148.9,1.054,21150.0,10.518,21148.6,1.028,21150.1,0.026,21148.5,2.251,21150.2,0.269,21148.4,0.051,21150.5,0.081,21148.3,1.036,21150.6,0.002,21148.2,0.039
2023-01-17 15:54:51,21149.5,0.011,21149.4,8.451,21149.6,0.789,21149.3,0.236,21149.7,0.001,21149.2,0.549,21149.8,0.001,21149.0,0.918,21149.9,1.444,21148.9,1.054,21150.0,11.345,21148.6,1.028,21150.1,0.262,21148.5,2.251,21150.2,0.033,21148.4,0.051,21150.5,0.081,21148.3,1.036,21150.6,0.002,21148.2,1.899
2023-01-17 15:54:52,21149.7,0.002,21149.6,19.583,21149.8,0.001,21149.5,5.164,21149.9,1.444,21149.4,1.429,21150.0,10.518,21148.9,1.041,21150.1,0.026,21148.6,1.028,21150.2,0.033,21148.5,0.001,21150.5,0.081,21148.4,0.051,21150.6,0.002,21148.3,0.008,21150.7,0.008,21148.2,1.899,21150.8,0.242,21148.1,1.805
2023-01-17 15:54:52,21149.9,4.189,21149.8,18.219,21150.0,11.302,21149.7,5.306,21150.2,0.033,21149.6,4.513,21150.5,0.081,21149.5,2.017,21150.6,0.002,21149.4,1.428,21150.7,0.033,21149.0,0.265,21150.8,0.236,21148.9,1.041,21151.1,2.465,21148.6,1.952,21151.2,0.001,21148.5,0.001,21151.5,0.013,21148.4,0.051
2023-01-17 15:54:52,21149.9,4.182,21149.8,15.736,21150.0,11.329,21149.7,1.188,21150.2,0.033,21149.6,1.464,21150.4,1.7,21149.5,1.982,21150.5,0.081,21149.4,1.068,21150.6,0.002,21149.1,0.128,21150.7,0.033,21148.9,0.013,21151.1,2.465,21148.7,0.488,21151.2,0.001,21148.6,1.953,21151.3,0.002,21148.5,0.001
2023-01-17 15:54:52,21147.7,18.623,21147.6,0.001,21147.8,11.565,21147.5,0.001,21147.9,12.9,21147.3,0.339,21148.0,5.839,21147.2,0.014,21148.1,3.899,21147.1,0.021,21148.2,1.25,21147.0,0.001,21148.4,0.55,21146.9,0.014,21148.7,0.154,21146.8,0.788,21148.9,0.013,21146.7,0.081,21149.0,0.087,21146.4,0.083
2023-01-17 15:54:53,21147.6,26.902,21147.5,0.448,21147.7,11.693,21147.3,0.326,21147.8,6.074,21147.2,0.014,21147.9,0.059,21147.1,0.021,21148.0,3.462,21147.0,0.001,21148.1,2.399,21146.9,0.001,21148.2,1.307,21146.8,0.036,21148.3,0.025,21146.7,0.25,21148.4,0.55,21146.6,0.745,21148.6,0.403,21146.4,0.239
2023-01-17 15:54:53,21147.6,19.368,21147.5,0.001,21147.7,11.693,21147.3,0.326,21147.8,6.074,21147.2,0.014,21147.9,0.059,21147.1,0.021,21148.0,2.212,21147.0,0.001,21148.1,2.398,21146.9,0.001,21148.2,0.057,21146.8,0.036,21148.3,0.162,21146.7,0.001,21148.4,0.55,21146.4,0.239,21148.6,0.402,21146.3,0.015
2023-01-17 15:54:53,21146.2,28.069,21146.1,0.02,21146.3,0.001,21146.0,0.006,21146.4,0.12,21145.9,0.012,21146.7,0.013,21145.7,0.24,21146.8,1.173,21145.4,0.5,21146.9,1.115,21145.3,0.257,21147.0,0.064,21145.2,0.013,21147.1,0.028,21145.1,0.303,21147.2,0.49,21145.0,0.052,21147.3,0.801,21144.9,0.113
2023-01-17 15:54:53,21145.5,19.546,21145.4,1.09,21145.8,1.515,21145.3,0.2,21146.0,0.032,21145.2,0.137,21146.1,0.994,21145.1,1.24,21146.2,2.02,21145.0,0.052,21146.3,0.001,21144.9,0.093,21146.9,0.072,21144.8,0.001,21147.0,0.028,21144.7,0.013,21147.1,0.028,21144.6,0.001,21147.2,0.51,21144.3,0.155
2023-01-17 15:54:54,21143.4,10.321,21143.3,9.059,21143.5,0.264,21143.2,0.05,21144.1,0.026,21143.0,1.595,21144.3,0.795,21142.9,0.382,21144.6,0.75,21142.8,1.559,21144.8,0.047,21142.7,0.035,21144.9,0.016,21142.6,0.035,21145.1,0.013,21142.5,2.01,21145.2,0.477,21142.4,2.837,21145.4,2.949,21142.3,0.033
2023-01-17 15:54:54,21143.4,11.704,21143.3,3.667,21143.5,0.264,21143.1,0.394,21143.7,0.91,21143.0,1.495,21144.1,0.343,21142.8,0.024,21144.6,0.75,21142.7,0.035,21144.9,0.016,21142.6,0.047,21145.1,0.013,21142.1,0.009,21145.2,0.425,21142.0,0.76,21145.3,1.7,21141.9,3.072,21145.4,2.949,21141.8,0.282
2023-01-17 15:54:54,21143.4,11.723,21143.3,2.661,21143.5,0.263,21143.1,0.006,21143.6,0.12,21143.0,1.495,21143.7,0.91,21142.8,0.024,21144.0,0.085,21142.7,0.035,21144.1,0.107,21142.6,0.047,21144.4,0.047,21142.1,0.669,21144.6,0.75,21142.0,2.606,21144.9,0.05,21141.8,0.282,21145.1,0.013,21141.6,1.201
2023-01-17 15:54:54,21143.4,11.829,21143.3,2.648,21143.5,1.011,21143.1,1.014,21143.7,0.91,21143.0,1.495,21143.9,0.236,21142.9,0.2,21144.1,0.107,21142.8,1.87,21144.4,0.047,21142.7,0.431,21144.9,0.911,21142.6,0.012,21145.0,1.7,21142.1,0.009,21145.1,0.013,21142.0,0.76,21145.2,0.03,21141.6,1.201
2023-01-17 15:54:55,21144.9,0.05,21144.8,11.098,21145.1,0.026,21144.4,0.002,21145.2,0.03,21144.3,4.405,21145.6,0.002,21144.2,0.005,21145.7,0.232,21144.1,1.05,21145.8,0.071,21144.0,2.668,21145.9,0.047,21143.9,0.014,21146.0,0.039,21143.8,10.508,21146.1,0.009,21143.7,0.529,21146.2,0.048,21143.4,1.433
