timestamp,sell1,vsell1,buy1,vbuy1,sell2,vsell2,buy2,vbuy2,sell3,vsell3,buy3,vbuy3,sell4,vsell4,buy4,vbuy4,sell5,vsell5,buy5,vbuy5,sell6,vsell6,buy6,vbuy6,sell7,vsell7,buy7,vbuy7,sell8,vsell8,buy8,vbuy8,sell9,vsell9,buy9,vbuy9,sell10,vsell10,buy10,vbuy10
2023-01-19 05:02:27,20816.3,2.076,20816.2,48.096,20816.4,0.578,20816.1,2.782,20816.5,1.68,20816.0,1.234,20816.6,0.614,20815.9,3.207,20816.8,0.004,20815.8,4.965,20816.9,0.042,20815.7,0.068,20817.0,0.722,20815.6,8.033,20817.1,1.084,20815.5,1.863,20817.2,0.832,20815.4,3.108,20817.3,0.03,20815.3,2.539
2023-01-19 05:02:27,20816.3,1.732,20816.2,49.806,20816.4,0.578,20816.1,2.782,20816.5,1.68,20816.0,1.234,20816.6,0.614,20815.9,3.207,20816.8,0.004,20815.8,4.965,20816.9,0.042,20815.7,0.068,20817.0,0.722,20815.6,8.033,20817.1,1.084,20815.5,1.863,20817.2,0.832,20815.4,3.108,20817.3,0.006,20815.3,2.539
2023-01-19 05:02:27,20816.3,1.763,20816.2,49.976,20816.4,0.578,20816.1,2.782,20816.5,1.68,20816.0,1.234,20816.6,0.614,20815.9,3.207,20816.8,0.004,20815.8,4.965,20816.9,0.042,20815.7,0.068,20817.0,0.722,20815.6,8.033,20817.1,1.084,20815.5,1.863,20817.2,0.832,20815.4,3.108,20817.4,0.002,20815.3,2.539
2023-01-19 05:02:28,20816.3,1.708,20816.2,50.375,20816.4,0.578,20816.1,2.782,20816.5,1.68,20816.0,1.234,20816.6,0.614,20815.9,3.207,20816.8,0.004,20815.8,4.965,20816.9,0.042,20815.7,0.068,20817.0,0.722,20815.6,8.033,20817.1,1.084,20815.5,1.863,20817.2,0.832,20815.4,3.108,20817.4,0.002,20815.3,2.539
2023-01-19 05:02:28,20816.3,1.708,20816.2,51.198,20816.4,0.578,20816.1,2.77,20816.5,1.68,20816.0,1.234,20816.6,0.614,20815.9,3.207,20816.8,0.004,20815.8,4.965,20816.9,0.042,20815.7,0.068,20817.0,0.722,20815.6,8.033,20817.1,1.084,20815.5,1.863,20817.2,0.832,20815.4,3.108,20817.4,0.002,20815.3,2.539
2023-01-19 05:02:28,20816.3,1.708,20816.2,50.623,20816.4,0.578,20816.1,2.77,20816.5,1.68,20816.0,1.234,20816.6,0.614,20815.9,3.207,20816.8,0.004,20815.8,4.965,20816.9,0.042,20815.7,0.068,20817.0,0.722,20815.6,8.033,20817.1,1.084,20815.5,1.863,20817.2,0.832,20815.4,3.108,20817.4,0.002,20815.3,2.539
2023-01-19 05:02:28,20816.3,1.872,20816.2,50.625,20816.4,0.578,20816.1,2.77,20816.5,1.68,20816.0,1.234,20816.6,0.614,20815.9,3.207,20816.8,0.004,20815.8,4.645,20816.9,0.042,20815.7,0.068,20817.0,0.722,20815.6,7.713,20817.1,1.084,20815.5,1.863,20817.2,0.832,20815.4,3.108,20817.4,0.002,20815.3,2.217
2023-01-19 05:02:29,20816.3,1.684,20816.2,50.746,20816.4,0.578,20816.1,2.77,20816.5,1.68,20816.0,1.234,20816.6,0.614,20815.9,3.207,20816.8,0.004,20815.8,4.645,20816.9,0.042,20815.7,0.068,20817.0,0.722,20815.6,7.713,20817.1,1.084,20815.5,1.863,20817.2,0.832,20815.4,3.108,20817.4,0.002,20815.3,2.217
2023-01-19 05:02:29,20816.3,1.35,20816.2,50.745,20816.4,0.002,20816.1,2.77,20816.5,1.68,20816.0,1.234,20816.6,0.029,20815.9,3.207,20816.8,0.004,20815.8,4.645,20816.9,0.228,20815.7,0.068,20817.0,0.722,20815.6,7.713,20817.1,1.084,20815.5,1.863,20817.2,0.832,20815.4,3.108,20817.4,0.002,20815.3,2.212
2023-01-19 05:02:29,20816.6,0.036,20816.5,48.081,20816.8,0.004,20816.4,25.023,20816.9,0.042,20816.3,13.555,20817.0,0.722,20816.2,4.213,20817.1,0.001,20816.1,4.458,20817.2,0.001,20816.0,3.071,20817.4,0.002,20815.9,0.001,20817.5,0.468,20815.8,4.684,20817.6,1.83,20815.7,0.139,20817.9,0.001,20815.6,9.96
2023-01-19 05:02:29,20817.6,1.536,20817.5,59.044,20817.9,0.001,20817.4,7.055,20818.0,0.15,20817.3,3.939,20818.3,0.013,20817.2,1.957,20818.4,0.517,20817.1,0.025,20818.5,0.15,20817.0,4.342,20818.6,0.796,20816.9,12.044,20818.7,1.68,20816.8,2.017,20818.8,0.009,20816.7,1.597,20818.9,0.001,20816.6,0.144
2023-01-19 05:02:30,20817.6,1.649,20817.5,58.853,20817.9,0.001,20817.4,9.169,20818.0,0.15,20817.3,5.136,20818.3,0.013,20817.2,1.957,20818.4,0.517,20817.1,0.025,20818.5,0.15,20817.0,3.72,20818.6,0.796,20816.9,12.044,20818.7,1.68,20816.8,2.017,20818.8,0.009,20816.7,1.787,20818.9,0.725,20816.6,0.144
2023-01-19 05:02:30,20817.6,1.64,20817.5,58.227,20817.9,0.001,20817.4,10.224,20818.0,0.15,20817.3,5.136,20818.3,0.013,20817.2,3.283,20818.4,0.517,20817.1,0.025,20818.5,0.15,20817.0,2.571,20818.6,0.796,20816.9,12.044,20818.7,1.68,20816.8,2.017,20818.8,0.009,20816.7,1.44,20818.9,0.725,20816.6,0.144
2023-01-19 05:02:30,20817.6,1.641,20817.5,58.391,20817.9,0.001,20817.4,10.224,20818.0,0.15,20817.3,5.136,20818.3,0.013,20817.2,3.203,20818.4,0.517,20817.1,0.025,20818.5,0.15,20817.0,2.571,20818.6,0.796,20816.9,12.044,20818.7,1.68,20816.8,2.017,20818.8,0.009,20816.7,1.44,20818.9,0.725,20816.6,0.144
2023-01-19 05:02:30,20817.6,1.131,20817.5,59.509,20817.9,0.001,20817.4,10.225,20818.0,0.15,20817.3,5.136,20818.3,0.013,20817.2,3.187,20818.4,0.517,20817.1,0.025,20818.5,0.15,20817.0,2.571,20818.6,0.817,20816.9,12.044,20818.7,1.681,20816.8,2.017,20818.8,0.01,20816.7,1.44,20818.9,0.726,20816.6,0.144
2023-01-19 05:02:31,20818.4,0.372,20818.3,43.085,20818.5,0.15,20818.2,0.025,20818.6,0.021,20817.9,3.664,20818.7,1.681,20817.8,0.221,20818.8,0.002,20817.7,0.489,20818.9,0.726,20817.6,1.396,20819.0,0.201,20817.5,9.259,20819.2,0.001,20817.4,4.108,20819.3,0.009,20817.3,5.137,20819.4,1.077,20817.2,3.28
2023-01-19 05:02:31,20818.4,1.17,20818.3,45.236,20818.5,0.15,20818.2,0.025,20818.6,0.021,20817.9,4.104,20818.7,1.681,20817.8,0.221,20818.8,0.002,20817.7,0.489,20818.9,0.726,20817.6,1.396,20819.0,0.201,20817.5,3.457,20819.2,0.001,20817.4,4.108,20819.3,0.009,20817.3,5.185,20819.4,1.077,20817.2,3.28
2023-01-19 05:02:31,20818.4,0.42,20818.3,46.34,20818.5,0.15,20818.2,0.025,20818.6,0.021,20817.9,4.104,20818.7,1.681,20817.8,0.221,20818.8,0.002,20817.7,0.505,20818.9,0.726,20817.6,1.396,20819.0,0.201,20817.5,3.311,20819.2,0.001,20817.4,4.108,20819.3,0.009,20817.3,5.185,20819.4,1.077,20817.2,3.28
2023-01-19 05:02:31,20818.4,0.42,20818.3,46.612,20818.5,0.15,20818.2,0.045,20818.6,0.021,20817.9,4.104,20818.7,1.681,20817.8,0.221,20818.8,0.002,20817.7,0.504,20818.9,0.726,20817.6,1.396,20819.0,0.201,20817.5,3.311,20819.2,0.001,20817.4,4.108,20819.3,0.009,20817.3,5.185,20819.4,1.077,20817.2,3.28
2023-01-19 05:02:32,20818.4,0.42,20818.3,46.612,20818.5,0.15,20818.2,0.045,20818.6,0.021,20817.9,4.104,20818.7,1.681,20817.8,0.221,20818.8,0.002,20817.7,0.512,20818.9,0.726,20817.6,1.396,20819.0,0.201,20817.5,3.311,20819.3,0.009,20817.4,4.108,20819.4,1.077,20817.3,5.185,20819.5,0.002,20817.2,3.28
2023-01-19 05:02:32,20818.4,0.409,20818.3,46.639,20818.5,0.15,20818.2,0.045,20818.6,0.021,20817.9,4.104,20818.7,1.681,20817.8,0.221,20818.8,0.002,20817.7,0.512,20818.9,0.726,20817.6,1.396,20819.0,0.201,20817.5,3.311,20819.3,0.009,20817.4,4.108,20819.4,1.077,20817.3,5.185,20819.5,0.002,20817.2,3.28
2023-01-19 05:02:32,20818.4,0.408,20818.3,46.639,20818.5,0.15,20818.2,0.077,20818.6,0.021,20817.9,4.104,20818.7,1.681,20817.8,0.221,20818.8,0.002,20817.7,0.512,20818.9,0.726,20817.6,1.396,20819.0,0.201,20817.5,3.311,20819.3,0.009,20817.4,4.108,20819.4,1.077,20817.3,5.185,20819.5,0.002,20817.2,3.28
2023-01-19 05:02:32,20818.4,6.394,20818.3,42.784,20818.5,0.754,20818.2,0.057,20818.6,0.021,20817.9,3.664,20818.7,1.681,20817.8,0.061,20818.8,0.002,20817.7,0.045,20818.9,0.002,20817.6,0.4,20819.0,1.171,20817.5,3.311,20819.2,0.153,20817.4,4.108,20819.3,0.009,20817.3,4.079,20819.4,1.078,20817.2,3.28
2023-01-19 05:02:33,20818.4,8.427,20818.3,39.963,20818.5,1.781,20818.2,0.057,20818.6,0.021,20817.9,3.664,20818.7,1.681,20817.8,0.061,20818.8,0.002,20817.7,0.045,20818.9,0.002,20817.6,0.3,20819.0,0.201,20817.5,3.311,20819.3,0.162,20817.4,3.086,20819.4,1.379,20817.3,2.706,20819.5,0.003,20817.2,3.76
2023-01-19 05:02:33,20818.4,8.907,20818.3,39.846,20818.5,1.781,20818.2,0.057,20818.6,0.021,20817.9,3.664,20818.7,1.681,20817.8,0.061,20818.8,0.002,20817.7,0.045,20818.9,0.002,20817.6,0.3,20819.0,0.201,20817.5,3.311,20819.3,0.009,20817.4,0.972,20819.4,1.379,20817.3,2.706,20819.5,0.02,20817.2,4.945
2023-01-19 05:02:33,20818.4,8.908,20818.3,39.848,20818.5,1.781,20818.2,0.066,20818.6,0.021,20817.9,3.664,20818.7,1.681,20817.8,0.061,20818.8,0.002,20817.7,0.045,20818.9,0.002,20817.6,0.249,20819.0,0.201,20817.5,2.591,20819.3,0.009,20817.4,1.093,20819.4,1.379,20817.3,2.226,20819.5,0.02,20817.2,2.834
2023-01-19 05:02:33,20818.4,8.821,20818.3,31.769,20818.5,1.781,20818.2,0.066,20818.6,0.021,20817.9,3.664,20818.7,1.681,20817.8,0.061,20818.8,0.002,20817.7,0.045,20818.9,0.002,20817.6,0.249,20819.0,0.201,20817.5,2.591,20819.3,0.009,20817.4,1.093,20819.4,1.396,20817.3,2.946,20819.5,0.003,20817.2,2.834
2023-01-19 05:02:34,20818.4,5.003,20818.3,32.867,20818.5,1.781,20818.2,0.066,20818.6,0.021,20817.9,3.664,20818.7,1.681,20817.8,0.061,20818.8,0.002,20817.7,0.045,20818.9,0.002,20817.6,0.25,20819.0,0.209,20817.5,2.591,20819.3,0.009,20817.4,1.093,20819.4,1.378,20817.3,2.946,20819.5,0.003,20817.2,5.006
2023-01-19 05:02:34,20818.4,4.962,20818.3,32.853,20818.5,1.781,20818.2,0.066,20818.6,0.021,20817.9,3.664,20818.7,1.681,20817.8,0.061,20818.8,0.002,20817.7,0.045,20818.9,0.002,20817.6,0.25,20819.0,0.209,20817.5,2.591,20819.3,0.009,20817.4,1.093,20819.4,1.378,20817.3,2.946,20819.5,0.003,20817.2,5.006
2023-01-19 05:02:34,20818.4,3.673,20818.3,33.536,20818.5,1.781,20818.2,0.066,20818.6,0.021,20817.9,3.664,20818.7,1.681,20817.8,0.061,20818.8,0.002,20817.7,0.045,20818.9,0.002,20817.6,0.25,20819.0,0.209,20817.5,2.591,20819.3,0.009,20817.4,1.093,20819.4,1.378,20817.3,2.946,20819.5,0.003,20817.2,5.006
2023-01-19 05:02:34,20818.4,4.301,20818.3,33.231,20818.5,1.781,20818.2,0.066,20818.6,0.021,20817.9,3.664,20818.7,1.681,20817.8,0.061,20818.8,0.002,20817.7,0.045,20818.9,0.002,20817.6,0.25,20819.0,0.209,20817.5,2.591,20819.3,0.009,20817.4,1.093,20819.4,1.378,20817.3,2.946,20819.5,0.003,20817.2,5.006
2023-01-19 05:02:35,20818.4,12.636,20818.3,22.123,20818.5,1.781,20818.2,0.041,20818.6,0.021,20817.9,3.664,20818.7,1.681,20817.8,0.027,20818.8,0.002,20817.7,0.045,20818.9,0.002,20817.6,0.18,20819.0,0.209,20817.5,1.291,20819.3,0.009,20817.4,0.311,20819.4,1.379,20817.3,1.746,20819.5,0.02,20817.2,0.182
2023-01-19 05:02:35,20818.4,12.625,20818.3,21.283,20818.5,1.781,20818.2,3.161,20818.6,0.021,20817.9,3.664,20818.7,1.681,20817.8,0.027,20818.8,0.002,20817.7,0.045,20818.9,0.155,20817.6,1.785,20819.0,0.209,20817.5,1.304,20819.3,0.009,20817.4,0.275,20819.4,1.379,20817.3,1.03,20819.5,0.483,20817.2,0.187
2023-01-19 05:02:35,20818.4,12.625,20818.3,20.435,20818.5,1.781,20818.2,0.041,20818.6,0.021,20817.9,3.664,20818.7,1.681,20817.8,0.027,20818.8,0.002,20817.7,0.045,20818.9,0.002,20817.6,1.785,20819.0,0.209,20817.5,1.304,20819.3,0.009,20817.4,0.345,20819.4,1.379,20817.3,1.042,20819.5,0.483,20817.2,0.168
2023-01-19 05:02:35,20818.4,12.447,20818.3,20.384,20818.5,1.781,20818.2,0.041,20818.6,0.021,20817.9,3.664,20818.7,1.681,20817.8,0.027,20818.8,0.002,20817.7,3.165,20818.9,0.002,20817.6,1.785,20819.0,0.209,20817.5,1.304,20819.3,0.009,20817.4,0.345,20819.4,1.378,20817.3,1.053,20819.5,0.003,20817.2,0.168
2023-01-19 05:02:36,20818.4,13.074,20818.3,19.739,20818.5,1.781,20818.2,0.069,20818.6,0.021,20817.9,3.664,20818.7,1.681,20817.8,0.027,20818.8,0.002,20817.7,3.165,20818.9,0.002,20817.6,1.712,20819.0,0.209,20817.5,1.304,20819.3,0.009,20817.4,0.224,20819.4,1.858,20817.3,1.172,20819.5,0.003,20817.2,0.172
2023-01-19 05:02:36,20818.4,12.589,20818.3,20.177,20818.5,1.781,20818.2,0.069,20818.6,0.021,20818.1,0.004,20818.7,1.834,20817.9,3.664,20818.8,0.002,20817.8,0.027,20818.9,0.002,20817.7,3.165,20819.0,0.209,20817.6,1.712,20819.3,0.009,20817.5,1.304,20819.4,1.378,20817.4,0.224,20819.5,0.003,20817.3,1.172
2023-01-19 05:02:36,20818.4,12.142,20818.3,20.177,20818.5,1.781,20818.2,0.069,20818.6,0.021,20817.9,3.664,20818.7,1.834,20817.8,0.027,20818.8,0.002,20817.7,3.165,20818.9,0.002,20817.6,1.712,20819.0,0.209,20817.5,1.304,20819.3,0.009,20817.4,0.224,20819.4,1.378,20817.3,1.172,20819.5,0.003,20817.2,0.177
2023-01-19 05:02:36,20818.4,12.142,20818.3,20.177,20818.5,1.781,20818.2,0.069,20818.6,0.021,20817.9,3.664,20818.7,1.834,20817.8,0.027,20818.8,0.002,20817.7,3.165,20818.9,0.002,20817.6,1.712,20819.0,0.209,20817.5,1.304,20819.3,0.009,20817.4,0.224,20819.4,1.378,20817.3,1.172,20819.5,0.003,20817.2,0.177
2023-01-19 05:02:37,20818.4,12.142,20818.3,20.153,20818.5,1.781,20818.2,0.069,20818.6,0.021,20817.9,3.664,20818.7,1.834,20817.8,0.027,20818.8,0.002,20817.7,3.165,20818.9,0.002,20817.6,1.712,20819.0,0.209,20817.5,1.304,20819.3,0.009,20817.4,0.224,20819.4,1.378,20817.3,1.172,20819.5,0.003,20817.2,0.177
2023-01-19 05:02:37,20818.4,11.664,20818.3,20.065,20818.5,1.781,20818.2,0.069,20818.6,0.021,20817.9,3.664,20818.7,1.834,20817.8,0.027,20818.8,0.002,20817.7,3.165,20818.9,0.002,20817.6,1.712,20819.0,0.209,20817.5,1.304,20819.3,0.009,20817.4,0.224,20819.4,1.378,20817.3,1.172,20819.5,0.003,20817.2,0.177
2023-01-19 05:02:37,20818.4,12.143,20818.3,20.089,20818.5,1.781,20818.2,0.069,20818.6,0.021,20817.9,3.664,20818.7,1.834,20817.8,0.027,20818.8,0.002,20817.7,3.165,20818.9,0.002,20817.6,1.712,20819.0,0.209,20817.5,1.304,20819.3,0.009,20817.4,0.224,20819.4,1.378,20817.3,1.172,20819.5,0.003,20817.2,0.177
2023-01-19 05:02:37,20818.4,12.145,20818.3,20.089,20818.5,1.781,20818.2,0.069,20818.6,0.021,20817.9,4.388,20818.7,1.681,20817.8,0.027,20818.8,0.002,20817.7,3.165,20818.9,0.002,20817.6,1.108,20819.0,0.209,20817.5,1.304,20819.3,0.162,20817.4,0.224,20819.4,1.378,20817.3,1.172,20819.5,0.002,20817.2,0.173
2023-01-19 05:02:38,20818.4,12.145,20818.3,20.087,20818.5,1.781,20818.2,0.069,20818.6,0.021,20817.9,4.388,20818.7,1.681,20817.8,0.027,20818.8,0.002,20817.7,3.165,20818.9,0.002,20817.6,1.108,20819.0,0.209,20817.5,1.304,20819.3,0.162,20817.4,0.224,20819.4,1.378,20817.3,1.172,20819.5,0.002,20817.2,0.173
2023-01-19 05:02:38,20818.4,10.942,20818.3,21.051,20818.5,1.781,20818.2,3.826,20818.6,0.021,20818.1,0.013,20818.7,1.681,20817.9,3.664,20818.8,0.002,20817.8,0.027,20818.9,0.002,20817.7,0.045,20819.0,0.209,20817.6,0.107,20819.3,0.009,20817.5,1.291,20819.4,1.077,20817.4,0.224,20819.5,0.002,20817.3,1.172
2023-01-19 05:02:38,20818.4,11.742,20818.3,19.455,20818.5,1.781,20818.2,3.826,20818.6,0.021,20818.1,0.013,20818.7,1.681,20817.9,3.664,20818.8,0.002,20817.8,0.027,20818.9,0.002,20817.7,0.045,20819.0,0.209,20817.6,0.107,20819.3,0.009,20817.5,1.291,20819.4,1.077,20817.4,0.224,20819.5,0.002,20817.3,1.172
2023-01-19 05:02:38,20818.4,11.857,20818.3,19.459,20818.5,1.781,20818.2,3.826,20818.6,0.021,20818.1,0.029,20818.7,1.681,20817.9,3.664,20818.8,0.002,20817.8,0.027,20818.9,0.002,20817.7,1.194,20819.0,0.209,20817.6,0.107,20819.2,0.153,20817.5,1.291,20819.3,0.009,20817.4,0.224,20819.4,1.077,20817.3,1.172
2023-01-19 05:02:39,20818.4,11.377,20818.3,19.285,20818.5,1.781,20818.2,3.826,20818.6,0.021,20818.1,0.029,20818.7,1.681,20817.9,3.664,20818.8,0.002,20817.8,0.097,20818.9,0.002,20817.7,1.194,20819.0,0.209,20817.6,0.107,20819.3,0.009,20817.5,1.291,20819.4,1.077,20817.4,0.154,20819.5,0.002,20817.3,1.172
2023-01-19 05:02:39,20818.4,11.377,20818.3,19.412,20818.5,1.781,20818.2,3.826,20818.6,0.021,20818.1,0.029,20818.7,1.681,20817.9,3.664,20818.8,0.002,20817.8,0.097,20818.9,0.002,20817.7,1.194,20819.0,0.209,20817.6,0.107,20819.3,0.009,20817.5,1.291,20819.4,1.077,20817.4,0.154,20819.5,0.002,20817.3,1.172
2023-01-19 05:02:39,20818.4,11.235,20818.3,19.454,20818.5,1.781,20818.2,3.826,20818.6,0.021,20818.1,0.029,20818.7,1.681,20817.9,3.664,20818.8,0.002,20817.8,0.097,20818.9,0.002,20817.7,1.194,20819.0,0.209,20817.6,0.107,20819.3,0.162,20817.5,1.291,20819.4,1.077,20817.4,0.154,20819.5,0.002,20817.3,1.172
2023-01-19 05:02:39,20818.4,11.135,20818.3,19.442,20818.5,1.781,20818.2,3.826,20818.6,0.021,20818.1,0.052,20818.7,1.681,20817.9,3.664,20818.8,0.002,20817.8,0.097,20818.9,0.002,20817.7,1.194,20819.0,0.209,20817.6,0.107,20819.3,0.162,20817.5,1.291,20819.4,1.077,20817.4,0.154,20819.5,0.002,20817.3,1.172
2023-01-19 05:02:40,20818.4,10.786,20818.3,20.493,20818.5,1.781,20818.2,3.826,20818.6,0.021,20818.1,0.052,20818.7,1.681,20817.9,3.664,20818.8,0.002,20817.8,0.097,20818.9,0.002,20817.7,1.194,20819.0,0.209,20817.6,0.007,20819.3,0.009,20817.5,1.291,20819.4,1.077,20817.4,0.154,20819.5,0.002,20817.3,1.172
2023-01-19 05:02:40,20818.4,10.752,20818.3,20.253,20818.5,1.781,20818.2,3.826,20818.6,0.021,20818.1,0.052,20818.7,1.681,20817.9,3.664,20818.8,0.002,20817.8,0.097,20818.9,0.002,20817.7,1.194,20819.0,0.209,20817.6,0.007,20819.3,0.009,20817.5,1.291,20819.4,1.077,20817.4,0.154,20819.5,0.002,20817.3,1.172
2023-01-19 05:02:40,20818.4,0.163,20818.3,27.512,20818.5,1.177,20818.2,4.965,20818.6,0.021,20818.1,0.052,20818.7,1.681,20817.9,3.664,20818.8,0.002,20817.8,0.131,20818.9,0.002,20817.7,0.045,20819.0,0.209,20817.6,0.407,20819.3,0.009,20817.5,1.261,20819.4,1.077,20817.4,0.154,20819.5,0.002,20817.3,1.172
2023-01-19 05:02:40,20818.4,1.669,20818.3,24.558,20818.5,1.177,20818.2,4.965,20818.6,0.021,20818.1,0.052,20818.7,1.681,20817.9,3.664,20818.8,0.002,20817.8,0.131,20818.9,0.647,20817.7,0.045,20819.0,0.209,20817.6,0.407,20819.3,0.009,20817.5,1.261,20819.4,1.077,20817.4,0.154,20819.5,0.002,20817.3,1.172
2023-01-19 05:02:41,20818.4,4.989,20818.3,23.161,20818.5,1.862,20818.2,3.886,20818.6,0.021,20818.1,0.052,20818.7,1.681,20817.9,3.664,20818.8,0.002,20817.8,0.061,20818.9,0.002,20817.7,0.215,20819.0,0.209,20817.6,0.407,20819.2,0.153,20817.5,1.261,20819.3,0.06,20817.4,0.154,20819.4,1.101,20817.3,1.172
2023-01-19 05:02:41,20818.4,4.261,20818.3,23.174,20818.5,1.862,20818.2,3.886,20818.6,0.021,20818.1,0.052,20818.7,1.681,20818.0,1.046,20818.8,0.002,20817.9,3.664,20818.9,0.002,20817.8,0.061,20819.0,0.209,20817.7,0.215,20819.3,0.06,20817.6,0.407,20819.4,1.077,20817.5,1.261,20819.5,0.343,20817.4,0.154
2023-01-19 05:02:41,20818.4,3.264,20818.3,23.165,20818.5,2.862,20818.2,3.886,20818.6,0.021,20818.1,0.052,20818.7,1.681,20818.0,1.046,20818.8,0.002,20817.9,3.664,20818.9,0.002,20817.8,0.061,20819.0,0.209,20817.7,0.215,20819.3,0.06,20817.6,0.407,20819.4,1.077,20817.5,1.261,20819.5,0.343,20817.4,0.154
2023-01-19 05:02:41,20818.4,3.263,20818.3,23.17,20818.5,1.862,20818.2,3.886,20818.6,0.021,20818.1,0.052,20818.7,1.681,20818.0,1.046,20818.8,0.002,20817.9,3.664,20818.9,0.002,20817.8,0.061,20819.0,0.209,20817.7,0.215,20819.3,0.06,20817.6,0.407,20819.4,1.077,20817.5,1.261,20819.5,0.343,20817.4,0.154
2023-01-19 05:02:42,20818.4,3.263,20818.3,23.17,20818.5,1.862,20818.2,3.886,20818.6,0.021,20818.1,0.052,20818.7,1.681,20818.0,1.046,20818.8,0.002,20817.9,3.664,20818.9,0.002,20817.8,0.061,20819.0,0.209,20817.7,0.215,20819.3,0.06,20817.6,0.407,20819.4,1.077,20817.5,1.261,20819.5,0.353,20817.4,0.154
2023-01-19 05:02:42,20818.4,3.468,20818.3,23.17,20818.5,1.862,20818.2,3.886,20818.6,0.021,20818.1,0.052,20818.7,1.681,20818.0,1.046,20818.8,0.002,20817.9,3.664,20818.9,0.002,20817.8,0.061,20819.0,0.209,20817.7,0.215,20819.3,0.06,20817.6,0.407,20819.4,1.23,20817.5,1.261,20819.5,0.353,20817.4,0.154
2023-01-19 05:02:42,20818.4,3.468,20818.3,23.062,20818.5,1.862,20818.2,3.886,20818.6,0.021,20818.1,0.052,20818.7,1.681,20818.0,1.046,20818.8,0.002,20817.9,3.664,20818.9,0.002,20817.8,0.061,20819.0,0.209,20817.7,0.215,20819.3,0.06,20817.6,0.407,20819.4,1.077,20817.5,1.261,20819.5,0.353,20817.4,0.154
2023-01-19 05:02:42,20818.4,3.463,20818.3,23.806,20818.5,1.862,20818.2,3.886,20818.6,0.021,20818.1,0.052,20818.7,1.681,20818.0,1.046,20818.8,0.002,20817.9,3.664,20818.9,0.002,20817.8,0.061,20819.0,0.209,20817.7,0.215,20819.3,0.06,20817.6,0.407,20819.4,1.077,20817.5,1.261,20819.5,0.343,20817.4,0.154
2023-01-19 05:02:43,20818.4,3.463,20818.3,23.337,20818.5,1.862,20818.2,3.886,20818.6,0.021,20818.1,0.052,20818.7,1.681,20818.0,1.046,20818.8,0.002,20817.9,3.734,20818.9,0.002,20817.8,0.061,20819.0,0.209,20817.7,0.145,20819.3,0.06,20817.6,0.407,20819.4,1.077,20817.5,1.981,20819.5,0.343,20817.4,0.154
2023-01-19 05:02:43,20818.4,3.463,20818.3,23.138,20818.5,1.862,20818.2,3.886,20818.6,0.021,20818.1,0.052,20818.7,1.681,20818.0,1.046,20818.8,0.002,20817.9,3.734,20818.9,0.002,20817.8,0.061,20819.0,0.209,20817.7,0.145,20819.3,0.06,20817.6,0.407,20819.4,1.077,20817.5,1.981,20819.5,0.343,20817.4,0.154
2023-01-19 05:02:43,20818.4,5.457,20818.3,23.097,20818.5,1.862,20818.2,3.886,20818.6,0.021,20818.1,0.052,20818.7,1.681,20818.0,1.046,20818.8,0.002,20817.9,3.664,20818.9,0.002,20817.8,0.061,20819.0,0.209,20817.7,0.145,20819.3,0.06,20817.6,0.407,20819.4,1.101,20817.5,1.981,20819.5,0.343,20817.4,0.154
2023-01-19 05:02:43,20818.4,5.428,20818.3,23.049,20818.5,1.862,20818.2,3.886,20818.6,0.021,20818.1,0.052,20818.7,1.681,20818.0,1.046,20818.8,0.002,20817.9,3.664,20818.9,0.002,20817.8,0.061,20819.0,0.209,20817.7,0.145,20819.3,0.06,20817.6,0.407,20819.4,1.101,20817.5,1.981,20819.5,0.343,20817.4,0.154
2023-01-19 05:02:44,20818.4,5.426,20818.3,22.928,20818.5,1.862,20818.2,3.886,20818.6,0.021,20818.1,0.052,20818.7,1.681,20818.0,1.046,20818.8,0.002,20817.9,3.664,20818.9,0.002,20817.8,0.061,20819.0,0.209,20817.7,0.145,20819.3,0.06,20817.6,0.407,20819.4,1.101,20817.5,1.981,20819.5,0.343,20817.4,0.154
2023-01-19 05:02:44,20818.6,0.138,20818.5,39.276,20818.7,1.681,20818.4,8.317,20818.8,0.002,20818.3,3.582,20818.9,0.002,20818.2,0.733,20819.0,0.863,20818.1,0.017,20819.3,0.009,20818.0,1.046,20819.4,1.077,20817.9,0.818,20819.5,0.002,20817.8,0.061,20819.7,0.01,20817.7,0.145,20819.8,2.552,20817.6,0.401
2023-01-19 05:02:44,20818.6,0.695,20818.5,32.873,20818.7,1.681,20818.4,7.466,20818.8,0.002,20818.3,2.28,20818.9,1.006,20818.2,0.096,20819.0,0.209,20818.1,0.017,20819.3,0.009,20817.9,0.818,20819.4,1.077,20817.8,0.061,20819.5,0.002,20817.7,0.145,20819.7,0.709,20817.6,0.401,20819.8,2.552,20817.5,0.772
2023-01-19 05:02:44,20818.6,0.723,20818.5,33.22,20818.7,1.681,20818.4,7.466,20818.8,0.002,20818.3,1.933,20818.9,1.006,20818.2,0.096,20819.0,0.209,20818.1,0.017,20819.3,0.009,20817.9,0.818,20819.4,1.077,20817.8,0.061,20819.5,0.002,20817.7,0.145,20819.6,0.02,20817.6,0.401,20819.7,0.709,20817.5,0.792
2023-01-19 05:02:45,20818.6,0.77,20818.5,32.092,20818.7,1.681,20818.4,7.466,20818.8,0.002,20818.3,1.933,20818.9,1.006,20818.2,0.096,20819.0,0.209,20818.1,0.017,20819.3,0.009,20817.9,0.818,20819.4,1.077,20817.8,0.061,20819.5,0.002,20817.7,0.145,20819.6,0.02,20817.6,0.401,20819.7,0.709,20817.5,0.792
2023-01-19 05:02:45,20818.6,0.771,20818.5,32.09,20818.7,1.681,20818.4,7.566,20818.8,0.002,20818.3,1.933,20818.9,1.006,20818.2,0.096,20819.0,0.209,20818.1,0.017,20819.3,0.009,20817.9,0.818,20819.4,1.077,20817.8,0.061,20819.5,0.002,20817.7,0.145,20819.6,0.021,20817.6,0.401,20819.7,0.709,20817.5,0.792
2023-01-19 05:02:45,20818.6,0.771,20818.5,32.092,20818.7,1.681,20818.4,7.666,20818.8,0.002,20818.3,1.931,20818.9,1.006,20818.2,0.096,20819.0,0.209,20818.1,0.017,20819.3,0.599,20817.9,0.818,20819.4,1.077,20817.8,0.061,20819.5,0.002,20817.7,0.145,20819.6,0.021,20817.6,0.401,20819.7,0.005,20817.5,0.792
2023-01-19 05:02:45,20818.6,0.766,20818.5,32.102,20818.7,1.681,20818.4,7.666,20818.8,0.002,20818.3,1.931,20818.9,1.006,20818.2,0.096,20819.0,0.209,20818.1,0.017,20819.3,0.599,20817.9,0.818,20819.4,1.077,20817.8,0.061,20819.5,0.002,20817.7,0.145,20819.6,0.021,20817.6,0.401,20819.7,0.026,20817.5,0.792
2023-01-19 05:02:46,20818.6,2.087,20818.5,31.118,20818.7,1.681,20818.4,6.825,20818.8,0.002,20818.3,1.931,20818.9,1.006,20818.2,0.096,20819.0,0.209,20818.1,0.017,20819.3,0.599,20817.9,0.818,20819.4,1.077,20817.8,0.061,20819.5,0.002,20817.7,0.145,20819.6,0.021,20817.6,0.401,20819.7,0.026,20817.5,0.792
2023-01-19 05:02:46,20818.6,2.087,20818.5,31.118,20818.7,1.681,20818.4,6.825,20818.8,0.002,20818.3,1.931,20818.9,1.006,20818.2,0.096,20819.0,0.209,20818.1,0.017,20819.3,0.599,20817.9,0.818,20819.4,1.077,20817.8,0.061,20819.5,0.002,20817.7,0.145,20819.6,0.021,20817.6,0.401,20819.7,0.026,20817.5,0.792
2023-01-19 05:02:46,20818.6,11.389,20818.5,16.962,20818.7,1.681,20818.4,5.451,20818.8,0.002,20818.3,1.804,20818.9,1.006,20818.2,0.096,20819.0,0.209,20818.1,0.004,20819.3,0.274,20817.9,0.818,20819.4,1.077,20817.8,0.061,20819.5,0.002,20817.7,0.045,20819.6,0.021,20817.6,0.401,20819.7,0.062,20817.5,0.792
2023-01-19 05:02:46,20818.6,10.489,20818.5,16.923,20818.7,1.681,20818.4,5.451,20818.8,0.002,20818.3,1.804,20818.9,1.006,20818.2,0.096,20819.0,0.209,20818.1,0.004,20819.3,0.274,20817.9,0.818,20819.4,1.077,20817.8,0.061,20819.5,0.003,20817.7,0.045,20819.6,0.021,20817.6,0.559,20819.7,0.062,20817.5,1.941
2023-01-19 05:02:47,20818.6,10.056,20818.5,16.603,20818.7,1.681,20818.4,5.131,20818.8,0.002,20818.3,1.804,20818.9,1.006,20818.2,0.071,20819.0,0.209,20818.1,3.124,20819.3,0.274,20817.9,0.818,20819.4,1.077,20817.8,0.027,20819.5,0.003,20817.7,0.045,20819.6,0.021,20817.6,0.488,20819.7,0.062,20817.5,1.941
2023-01-19 05:02:47,20818.6,10.069,20818.5,21.882,20818.7,1.681,20818.4,5.131,20818.8,0.002,20818.3,1.804,20818.9,1.006,20818.2,0.071,20819.0,0.209,20818.1,3.124,20819.3,0.274,20817.9,0.818,20819.4,1.077,20817.8,0.027,20819.5,0.003,20817.7,0.045,20819.6,0.021,20817.6,0.488,20819.7,0.062,20817.5,1.941
2023-01-19 05:02:47,20818.6,10.069,20818.5,21.827,20818.7,1.681,20818.4,5.131,20818.8,0.002,20818.3,1.804,20818.9,1.006,20818.2,0.071,20819.0,0.209,20818.1,3.124,20819.3,0.274,20817.9,0.818,20819.4,1.077,20817.8,0.027,20819.5,0.003,20817.7,0.045,20819.6,0.021,20817.6,0.488,20819.7,0.062,20817.5,1.221
2023-01-19 05:02:47,20818.6,9.683,20818.5,21.827,20818.7,1.681,20818.4,8.251,20818.8,0.002,20818.3,1.804,20818.9,1.006,20818.2,0.071,20819.0,0.209,20818.1,0.004,20819.3,0.274,20817.9,0.818,20819.4,1.077,20817.8,0.027,20819.5,0.003,20817.7,0.045,20819.6,0.501,20817.6,0.488,20819.7,0.062,20817.5,1.221
2023-01-19 05:02:48,20818.6,12.524,20818.5,13.343,20818.7,1.681,20818.4,3.731,20818.8,0.294,20818.3,1.804,20818.9,1.006,20818.2,0.071,20819.0,0.209,20817.9,0.818,20819.3,0.009,20817.8,0.027,20819.4,1.077,20817.7,0.045,20819.5,0.003,20817.6,0.65,20819.6,0.021,20817.5,1.221,20819.7,0.062,20817.4,0.002
2023-01-19 05:02:48,20818.6,14.456,20818.5,6.447,20818.7,1.706,20818.4,1.38,20818.8,0.414,20818.3,1.364,20818.9,0.002,20818.2,0.071,20819.0,0.33,20817.7,0.045,20819.1,0.105,20817.6,0.488,20819.3,0.027,20817.5,0.022,20819.4,1.078,20817.4,0.001,20819.5,0.03,20817.3,1.026,20819.6,0.055,20817.1,0.416
2023-01-19 05:02:48,20818.6,13.957,20818.5,7.081,20818.7,1.706,20818.4,1.38,20818.8,0.414,20818.3,1.364,20818.9,0.002,20818.2,0.071,20819.0,0.33,20817.7,0.045,20819.1,0.105,20817.6,0.001,20819.3,0.027,20817.5,3.142,20819.4,1.078,20817.4,0.534,20819.5,0.03,20817.3,1.025,20819.6,0.055,20817.1,0.416
2023-01-19 05:02:48,20818.6,14.251,20818.5,7.081,20818.7,1.706,20818.4,1.38,20818.8,0.414,20818.3,1.364,20818.9,0.002,20818.2,0.071,20819.0,0.33,20817.7,0.045,20819.1,0.105,20817.6,1.694,20819.3,0.027,20817.5,3.142,20819.4,1.078,20817.4,0.004,20819.5,0.03,20817.3,1.025,20819.6,0.055,20817.1,0.416
2023-01-19 05:02:49,20818.6,14.204,20818.5,7.08,20818.7,1.706,20818.4,1.38,20818.8,0.754,20818.3,1.364,20818.9,0.002,20818.2,0.071,20819.0,0.33,20817.7,0.045,20819.1,0.105,20817.6,1.71,20819.3,0.027,20817.5,3.148,20819.4,1.078,20817.4,0.001,20819.5,0.03,20817.3,1.025,20819.6,0.055,20817.1,0.416
2023-01-19 05:02:49,20818.6,9.829,20818.5,19.935,20818.7,1.706,20818.4,1.38,20818.8,0.002,20818.3,1.986,20818.9,0.002,20818.2,0.071,20819.0,0.33,20817.7,0.045,20819.1,0.105,20817.6,0.006,20819.3,0.027,20817.5,0.023,20819.4,1.077,20817.4,0.738,20819.5,0.029,20817.3,1.025,20819.6,0.055,20817.2,0.116
2023-01-19 05:02:49,20818.6,9.932,20818.5,19.696,20818.7,1.706,20818.4,1.38,20818.8,0.002,20818.3,1.986,20818.9,0.002,20818.2,0.071,20819.0,0.483,20818.0,0.068,20819.1,0.105,20817.7,0.045,20819.3,0.367,20817.6,0.006,20819.4,1.077,20817.5,0.023,20819.5,0.029,20817.4,0.991,20819.6,0.055,20817.3,1.025
2023-01-19 05:02:49,20818.6,7.995,20818.5,19.701,20818.7,2.141,20818.4,1.38,20818.8,0.002,20818.3,1.986,20818.9,0.002,20818.2,0.071,20819.0,0.33,20818.0,0.068,20819.1,0.258,20817.7,0.045,20819.3,0.367,20817.6,0.006,20819.4,1.077,20817.5,0.023,20819.5,0.029,20817.4,0.991,20819.6,0.055,20817.3,1.025
2023-01-19 05:02:50,20818.6,8.419,20818.5,19.701,20818.7,2.141,20818.4,1.38,20818.8,0.002,20818.3,1.986,20818.9,0.002,20818.2,0.071,20819.0,0.33,20818.0,0.068,20819.1,0.105,20817.7,0.045,20819.3,0.367,20817.6,0.006,20819.4,1.077,20817.5,0.023,20819.5,0.029,20817.4,0.991,20819.6,0.055,20817.3,1.025
2023-01-19 05:02:50,20818.6,8.422,20818.5,18.404,20818.7,2.165,20818.4,1.38,20818.8,0.002,20818.3,1.986,20818.9,0.002,20818.2,0.004,20819.0,0.33,20818.0,0.068,20819.1,0.258,20817.7,0.045,20819.3,0.367,20817.6,0.006,20819.4,1.227,20817.5,0.023,20819.5,0.327,20817.4,0.991,20819.6,0.055,20817.3,1.025
2023-01-19 05:02:50,20818.6,8.322,20818.5,18.439,20818.7,2.141,20818.4,1.38,20818.8,0.002,20818.3,1.956,20818.9,0.002,20818.2,0.004,20819.0,0.33,20818.0,0.068,20819.1,0.105,20817.7,0.045,20819.3,0.367,20817.6,0.006,20819.4,1.227,20817.5,0.023,20819.5,0.327,20817.4,0.991,20819.6,0.055,20817.3,1.025
2023-01-19 05:02:50,20818.6,8.322,20818.5,18.344,20818.7,2.141,20818.4,1.38,20818.8,0.002,20818.3,1.956,20818.9,0.002,20818.2,0.004,20819.0,0.33,20818.0,0.068,20819.1,0.258,20817.7,0.045,20819.3,0.367,20817.6,0.006,20819.4,1.227,20817.5,0.023,20819.5,0.327,20817.4,0.991,20819.6,0.055,20817.3,1.025
2023-01-19 05:02:51,20818.6,8.322,20818.5,18.144,20818.7,2.141,20818.4,1.38,20818.8,0.002,20818.3,1.956,20818.9,0.002,20818.2,0.004,20819.0,0.33,20818.0,0.068,20819.1,0.258,20817.7,0.045,20819.3,0.367,20817.6,0.006,20819.4,1.227,20817.5,0.023,20819.5,0.327,20817.4,0.991,20819.6,0.055,20817.3,1.025
2023-01-19 05:02:51,20818.6,8.6,20818.5,15.03,20818.7,2.141,20818.4,1.38,20818.8,0.002,20818.3,1.956,20818.9,0.002,20818.0,0.068,20819.0,0.33,20817.7,0.045,20819.1,0.105,20817.6,0.006,20819.3,0.367,20817.5,0.023,20819.4,1.227,20817.4,1.105,20819.5,0.327,20817.3,1.025,20819.6,0.055,20817.2,1.508
2023-01-19 05:02:51,20818.6,10.075,20818.5,8.655,20818.7,2.141,20818.4,1.38,20818.8,0.002,20818.3,1.956,20818.9,0.002,20818.0,3.188,20819.0,0.33,20817.7,0.045,20819.1,0.105,20817.6,0.025,20819.3,0.367,20817.5,0.032,20819.4,1.227,20817.4,1.074,20819.5,0.327,20817.3,1.025,20819.6,0.055,20817.2,1.392
2023-01-19 05:02:51,20818.6,10.075,20818.5,9.756,20818.7,2.141,20818.4,1.38,20818.8,0.002,20818.3,1.956,20818.9,0.155,20818.0,3.188,20819.0,0.33,20817.7,0.045,20819.1,0.105,20817.6,0.001,20819.3,0.367,20817.5,0.023,20819.4,1.227,20817.4,1.074,20819.5,0.327,20817.3,1.025,20819.6,0.535,20817.2,1.392
2023-01-19 05:02:52,20818.6,10.075,20818.5,10.763,20818.7,2.141,20818.4,1.38,20818.8,0.002,20818.3,1.956,20818.9,0.002,20818.0,3.188,20819.0,0.33,20817.7,0.045,20819.1,0.105,20817.6,0.001,20819.3,0.367,20817.5,0.023,20819.4,1.227,20817.4,1.074,20819.5,0.327,20817.3,1.025,20819.6,0.535,20817.2,1.392
2023-01-19 05:02:52,20818.6,10.075,20818.5,10.37,20818.7,2.141,20818.4,1.38,20818.8,0.002,20818.3,1.956,20818.9,0.155,20818.0,3.188,20819.0,0.33,20817.7,0.045,20819.1,0.105,20817.6,0.031,20819.3,0.367,20817.5,0.035,20819.4,1.227,20817.4,1.074,20819.5,0.327,20817.3,1.025,20819.6,0.535,20817.2,1.392
2023-01-19 05:02:52,20818.6,10.075,20818.5,10.265,20818.7,2.141,20818.4,1.38,20818.8,0.002,20818.3,1.956,20818.9,0.002,20818.0,3.188,20819.0,0.33,20817.7,0.045,20819.1,0.105,20817.6,0.031,20819.3,0.367,20817.5,0.035,20819.4,1.227,20817.4,1.08,20819.5,0.327,20817.3,1.032,20819.6,0.535,20817.2,1.392
2023-01-19 05:02:52,20818.6,10.099,20818.5,10.271,20818.7,2.141,20818.4,1.38,20818.8,0.002,20818.3,1.955,20818.9,0.155,20818.0,3.188,20819.0,0.33,20817.7,0.045,20819.1,0.105,20817.6,0.031,20819.3,0.367,20817.5,0.035,20819.4,1.227,20817.4,1.074,20819.5,0.327,20817.3,1.025,20819.6,0.535,20817.2,1.492
2023-01-19 05:02:53,20818.6,10.075,20818.5,10.271,20818.7,2.141,20818.4,1.38,20818.8,0.002,20818.3,1.955,20818.9,0.155,20818.0,3.188,20819.0,0.33,20817.7,0.045,20819.1,0.105,20817.6,0.031,20819.3,0.367,20817.5,0.035,20819.4,1.227,20817.4,1.074,20819.5,0.327,20817.3,1.031,20819.6,0.535,20817.2,1.562
2023-01-19 05:02:53,20818.6,10.368,20818.5,9.972,20818.7,2.141,20818.4,1.38,20818.8,0.002,20818.3,1.848,20818.9,0.155,20818.0,3.188,20819.0,0.33,20817.7,0.045,20819.1,0.105,20817.6,0.031,20819.3,0.367,20817.5,0.023,20819.4,1.227,20817.4,1.086,20819.5,0.327,20817.3,1.025,20819.6,0.535,20817.2,1.562
2023-01-19 05:02:53,20818.6,10.075,20818.5,9.976,20818.7,2.141,20818.4,1.38,20818.8,0.002,20818.3,1.848,20818.9,0.155,20818.0,3.331,20819.0,0.33,20817.7,0.045,20819.1,0.105,20817.6,0.031,20819.3,0.367,20817.5,0.023,20819.4,1.227,20817.4,1.086,20819.5,0.327,20817.3,1.025,20819.6,0.535,20817.2,1.562
2023-01-19 05:02:53,20818.6,10.849,20818.5,10.359,20818.7,2.141,20818.4,1.38,20818.8,0.002,20818.3,1.848,20818.9,0.155,20818.0,3.331,20819.0,0.33,20817.7,0.045,20819.1,0.105,20817.6,0.031,20819.3,0.367,20817.5,0.023,20819.4,1.227,20817.4,1.093,20819.5,0.327,20817.3,1.025,20819.6,0.535,20817.2,1.562
2023-01-19 05:02:54,20818.6,10.556,20818.5,10.336,20818.7,2.141,20818.4,1.38,20818.8,0.002,20818.3,4.968,20818.9,0.002,20818.0,0.211,20819.0,0.33,20817.7,0.045,20819.1,0.105,20817.6,0.031,20819.3,0.367,20817.5,0.023,20819.4,1.227,20817.4,1.086,20819.5,0.807,20817.3,1.025,20819.6,0.055,20817.2,1.562
2023-01-19 05:02:54,20818.6,10.556,20818.5,10.336,20818.7,2.141,20818.4,1.38,20818.8,0.002,20818.3,4.968,20818.9,0.155,20818.0,0.211,20819.0,0.33,20817.7,0.045,20819.1,0.105,20817.6,0.02,20819.3,0.367,20817.5,0.023,20819.4,1.227,20817.4,1.082,20819.5,0.807,20817.3,1.025,20819.6,0.055,20817.2,1.562
2023-01-19 05:02:54,20818.6,10.156,20818.5,9.948,20818.7,2.141,20818.4,1.28,20818.8,0.002,20818.3,4.968,20818.9,0.155,20818.0,0.211,20819.0,0.33,20817.7,0.045,20819.1,0.105,20817.6,0.009,20819.3,0.367,20817.5,0.023,20819.4,1.227,20817.4,1.077,20819.5,0.807,20817.3,1.025,20819.6,0.055,20817.2,1.562
2023-01-19 05:02:54,20818.6,10.558,20818.5,9.725,20818.7,2.141,20818.4,1.28,20818.8,0.002,20818.3,4.967,20818.9,0.155,20818.0,0.211,20819.0,0.33,20817.7,0.045,20819.1,0.105,20817.6,0.022,20819.3,0.367,20817.5,0.023,20819.4,1.227,20817.4,1.074,20819.5,0.807,20817.3,1.025,20819.6,0.055,20817.2,1.562
2023-01-19 05:02:55,20818.6,10.909,20818.5,9.224,20818.7,2.141,20818.4,1.28,20818.8,0.002,20818.3,4.967,20818.9,0.155,20818.0,0.211,20819.0,0.33,20817.7,0.045,20819.1,0.105,20817.6,0.001,20819.3,0.367,20817.5,0.033,20819.4,1.227,20817.4,1.144,20819.5,0.327,20817.3,1.025,20819.6,0.055,20817.2,1.492
2023-01-19 05:02:55,20818.6,12.428,20818.5,8.089,20818.7,2.141,20818.4,1.247,20818.8,0.002,20818.3,1.168,20818.9,0.002,20818.0,0.211,20819.0,0.605,20817.7,0.525,20819.1,0.585,20817.6,0.001,20819.3,0.367,20817.5,0.023,20819.4,1.227,20817.4,1.052,20819.5,0.029,20817.3,1.025,20819.6,0.055,20817.2,0.391
2023-01-19 05:02:55,20818.6,12.428,20818.5,8.075,20818.7,2.294,20818.4,1.247,20818.8,0.002,20818.3,1.168,20818.9,0.002,20818.0,0.211,20819.0,0.605,20817.8,0.48,20819.1,0.585,20817.7,0.045,20819.3,0.367,20817.6,3.121,20819.4,1.227,20817.5,0.023,20819.5,0.029,20817.4,1.057,20819.6,0.055,20817.3,1.635
2023-01-19 05:02:55,20818.6,12.265,20818.5,8.074,20818.7,2.324,20818.4,1.247,20818.8,0.002,20818.3,1.168,20818.9,0.002,20818.0,0.211,20819.0,0.484,20817.8,0.48,20819.1,0.585,20817.7,0.045,20819.3,0.367,20817.6,3.121,20819.4,1.227,20817.5,0.023,20819.5,0.029,20817.4,1.057,20819.6,0.055,20817.3,1.635
2023-01-19 05:02:56,20818.6,12.936,20818.5,7.751,20818.7,2.141,20818.4,1.247,20818.8,0.122,20818.3,1.168,20818.9,0.002,20818.0,0.211,20819.0,0.484,20817.8,0.48,20819.1,0.585,20817.7,0.045,20819.3,0.367,20817.6,3.121,20819.4,1.227,20817.5,0.023,20819.5,0.029,20817.4,1.059,20819.6,0.055,20817.3,1.635
2023-01-19 05:02:56,20818.6,14.617,20818.5,7.629,20818.7,2.141,20818.4,1.247,20818.8,0.122,20818.3,1.168,20818.9,0.002,20818.0,0.211,20819.0,0.484,20817.7,0.045,20819.1,0.105,20817.6,3.151,20819.3,0.367,20817.5,0.035,20819.4,1.227,20817.4,1.059,20819.5,0.029,20817.3,2.115,20819.6,0.055,20817.1,1.699
2023-01-19 05:02:56,20818.6,14.306,20818.5,7.625,20818.7,2.428,20818.4,1.247,20818.8,0.122,20818.3,1.168,20818.9,0.002,20818.0,0.211,20819.0,0.484,20817.7,0.045,20819.1,0.105,20817.6,3.124,20819.3,0.367,20817.5,0.503,20819.4,1.227,20817.4,1.058,20819.5,0.03,20817.3,1.635,20819.6,0.055,20817.1,1.699
2023-01-19 05:02:56,20818.6,14.306,20818.5,7.322,20818.7,2.428,20818.4,1.247,20818.8,0.122,20818.3,1.168,20818.9,0.002,20818.0,0.211,20819.0,0.484,20817.7,0.045,20819.1,0.105,20817.6,3.601,20819.3,0.367,20817.5,0.023,20819.4,1.227,20817.4,1.052,20819.5,0.03,20817.3,1.635,20819.6,0.055,20817.1,1.699
2023-01-19 05:02:57,20818.6,14.772,20818.5,6.962,20818.7,2.294,20818.4,1.18,20818.8,0.122,20818.3,1.168,20818.9,0.002,20818.0,0.211,20819.0,0.484,20817.7,0.525,20819.1,0.105,20817.6,3.121,20819.3,0.367,20817.5,0.023,20819.4,1.227,20817.4,1.052,20819.5,0.03,20817.3,1.635,20819.6,0.055,20817.1,1.699
2023-01-19 05:02:57,20818.6,14.305,20818.5,7.005,20818.7,2.395,20818.4,1.176,20818.8,0.122,20818.3,1.168,20818.9,0.002,20818.0,0.211,20819.0,0.484,20817.7,0.525,20819.1,0.105,20817.6,3.121,20819.2,0.049,20817.5,0.023,20819.3,0.367,20817.4,1.052,20819.4,1.227,20817.3,1.635,20819.5,0.03,20817.1,1.699
2023-01-19 05:02:57,20818.6,10.99,20818.5,9.11,20818.7,2.294,20818.4,1.176,20818.8,0.002,20818.3,4.291,20818.9,0.002,20818.1,0.635,20819.0,0.484,20818.0,0.211,20819.1,0.105,20817.8,0.48,20819.2,0.049,20817.7,0.045,20819.3,0.847,20817.6,0.001,20819.4,1.227,20817.5,0.047,20819.5,0.029,20817.4,1.061
2023-01-19 05:02:57,20818.6,10.197,20818.5,8.662,20818.7,2.294,20818.4,1.176,20818.8,0.002,20818.3,4.291,20818.9,0.002,20818.1,0.635,20819.0,0.484,20818.0,0.211,20819.1,0.105,20817.8,0.48,20819.2,0.049,20817.7,0.045,20819.3,0.847,20817.6,0.001,20819.4,1.227,20817.5,0.047,20819.5,0.029,20817.4,1.061
2023-01-19 05:02:58,20818.6,10.437,20818.5,8.659,20818.7,2.294,20818.4,1.176,20818.8,0.002,20818.3,4.291,20818.9,0.002,20818.1,0.635,20819.0,0.484,20818.0,0.211,20819.1,0.105,20817.7,0.045,20819.2,0.049,20817.6,0.001,20819.3,0.367,20817.5,0.047,20819.4,1.227,20817.4,1.061,20819.5,0.029,20817.3,1.034
2023-01-19 05:02:58,20818.6,9.851,20818.5,9.008,20818.7,2.294,20818.4,1.176,20818.8,0.002,20818.3,4.291,20818.9,0.002,20818.1,0.635,20819.0,0.484,20818.0,0.211,20819.1,0.105,20817.7,0.045,20819.2,0.049,20817.6,0.001,20819.3,0.367,20817.5,0.047,20819.4,1.227,20817.4,1.061,20819.5,0.029,20817.3,1.031
2023-01-19 05:02:58,20818.6,9.851,20818.5,9.133,20818.7,2.294,20818.4,1.176,20818.8,0.002,20818.3,4.291,20818.9,0.002,20818.1,0.635,20819.0,0.484,20818.0,0.211,20819.1,0.105,20817.7,0.045,20819.2,0.049,20817.6,0.001,20819.3,0.367,20817.5,0.047,20819.4,1.227,20817.4,1.061,20819.5,0.029,20817.3,1.031
2023-01-19 05:02:58,20818.6,10.674,20818.5,7.912,20818.7,2.141,20818.4,1.176,20818.8,0.482,20818.3,4.291,20818.9,0.002,20818.1,0.635,20819.0,0.484,20818.0,0.211,20819.1,0.105,20817.7,0.045,20819.2,0.049,20817.6,0.032,20819.3,0.367,20817.5,0.023,20819.4,1.227,20817.4,1.064,20819.5,0.029,20817.3,1.031
2023-01-19 05:02:59,20818.6,10.674,20818.5,7.912,20818.7,2.141,20818.4,1.176,20818.8,0.002,20818.3,4.291,20818.9,0.002,20818.2,0.48,20819.0,0.484,20818.1,0.635,20819.1,0.105,20818.0,0.211,20819.2,0.049,20817.7,0.045,20819.3,0.367,20817.6,0.032,20819.4,1.227,20817.5,0.023,20819.5,0.029,20817.4,1.064
