timestamp,sell1,vsell1,buy1,vbuy1,sell2,vsell2,buy2,vbuy2,sell3,vsell3,buy3,vbuy3,sell4,vsell4,buy4,vbuy4,sell5,vsell5,buy5,vbuy5,sell6,vsell6,buy6,vbuy6,sell7,vsell7,buy7,vbuy7,sell8,vsell8,buy8,vbuy8,sell9,vsell9,buy9,vbuy9,sell10,vsell10,buy10,vbuy10
2023-01-09 22:17:40,17181.7,7.474,17181.6,23.371,17181.8,3.442,17181.5,0.746,17181.9,1.946,17181.4,5.428,17182.0,0.601,17181.2,0.89,17182.1,1.877,17181.1,3.787,17182.2,5.168,17181.0,0.908,17182.3,0.02,17180.9,1.628,17182.4,6.692,17180.8,0.007,17182.5,1.904,17180.7,0.876,17182.6,2.546,17180.6,2.854
2023-01-09 22:17:41,17181.7,7.088,17181.6,24.232,17181.8,2.554,17181.5,0.694,17181.9,1.986,17181.4,5.428,17182.0,0.601,17181.2,0.89,17182.1,0.871,17181.1,3.787,17182.2,6.043,17181.0,0.908,17182.3,0.02,17180.9,1.628,17182.4,6.001,17180.8,0.007,17182.5,1.869,17180.7,0.876,17182.6,2.105,17180.6,2.854
2023-01-09 22:17:41,17181.7,7.089,17181.6,24.403,17181.8,2.674,17181.5,0.694,17181.9,1.946,17181.4,5.428,17182.0,0.601,17181.2,0.89,17182.1,0.871,17181.1,3.787,17182.2,6.043,17181.0,0.908,17182.3,0.02,17180.9,1.628,17182.4,6.012,17180.8,0.007,17182.5,1.869,17180.7,0.876,17182.6,2.713,17180.6,2.854
2023-01-09 22:17:41,17181.7,6.54,17181.6,24.874,17181.8,2.68,17181.5,0.694,17181.9,1.946,17181.4,5.428,17182.0,1.598,17181.2,0.89,17182.1,0.871,17181.1,3.776,17182.2,6.043,17181.0,0.908,17182.3,0.02,17180.9,1.628,17182.4,6.001,17180.8,0.007,17182.5,2.57,17180.7,0.876,17182.6,2.613,17180.6,2.854
2023-01-09 22:17:41,17181.7,6.069,17181.6,24.403,17181.8,2.48,17181.5,0.694,17181.9,1.946,17181.4,5.428,17182.0,1.668,17181.2,0.89,17182.1,0.871,17181.1,3.776,17182.2,6.043,17181.0,0.942,17182.3,0.02,17180.9,1.628,17182.4,6.001,17180.8,0.007,17182.5,2.589,17180.7,0.876,17182.6,2.591,17180.6,2.854
2023-01-09 22:17:42,17181.7,7.272,17181.6,24.403,17181.8,2.48,17181.5,0.686,17181.9,3.946,17181.4,5.428,17182.0,1.537,17181.2,0.89,17182.1,0.871,17181.1,3.776,17182.2,6.043,17181.0,0.942,17182.3,0.02,17180.9,1.628,17182.4,6.001,17180.8,0.007,17182.5,3.785,17180.7,0.876,17182.6,1.404,17180.6,2.854
2023-01-09 22:17:42,17181.7,6.364,17181.6,24.376,17181.8,2.54,17181.5,0.686,17181.9,3.946,17181.4,5.428,17182.0,0.601,17181.2,0.89,17182.1,0.871,17181.1,3.776,17182.2,6.043,17181.0,0.942,17182.3,0.094,17180.9,1.616,17182.4,6.015,17180.8,0.007,17182.5,2.601,17180.7,0.876,17182.6,1.418,17180.6,2.854
2023-01-09 22:17:42,17181.7,5.57,17181.6,24.376,17181.8,2.48,17181.5,0.686,17181.9,0.667,17181.4,5.428,17182.0,0.601,17181.2,0.89,17182.1,0.871,17181.1,3.776,17182.2,6.043,17181.0,0.942,17182.3,0.094,17180.9,1.616,17182.4,6.001,17180.8,0.007,17182.5,2.565,17180.7,0.876,17182.6,1.438,17180.6,2.854
2023-01-09 22:17:42,17181.7,5.57,17181.6,24.376,17181.8,2.48,17181.5,0.686,17181.9,0.667,17181.4,5.428,17182.0,0.601,17181.2,0.89,17182.1,0.871,17181.1,3.776,17182.2,6.043,17181.0,0.942,17182.3,0.094,17180.9,1.616,17182.4,6.001,17180.8,0.006,17182.5,2.56,17180.7,0.876,17182.6,1.447,17180.6,2.854
2023-01-09 22:17:43,17181.7,5.548,17181.6,24.376,17181.8,2.48,17181.5,0.689,17181.9,0.667,17181.4,5.429,17182.0,0.601,17181.2,0.89,17182.1,0.871,17181.1,3.776,17182.2,6.043,17181.0,0.942,17182.3,0.094,17180.9,1.616,17182.4,6.001,17180.8,0.006,17182.5,2.572,17180.7,0.876,17182.6,1.442,17180.6,2.854
2023-01-09 22:17:43,17181.7,5.551,17181.6,24.376,17181.8,2.48,17181.5,0.689,17181.9,0.667,17181.4,5.429,17182.0,0.601,17181.2,0.89,17182.1,0.357,17181.1,3.776,17182.2,6.043,17181.0,0.942,17182.3,0.094,17180.9,1.616,17182.4,6.692,17180.8,0.006,17182.5,1.881,17180.7,0.876,17182.6,1.442,17180.6,2.854
2023-01-09 22:17:43,17181.7,5.484,17181.6,24.376,17181.8,2.48,17181.5,0.689,17181.9,0.667,17181.4,5.429,17182.0,0.601,17181.2,0.89,17182.1,0.357,17181.1,3.776,17182.2,6.043,17181.0,0.942,17182.3,0.094,17180.9,1.616,17182.4,6.692,17180.8,0.006,17182.5,1.876,17180.7,0.876,17182.6,1.442,17180.6,2.854
2023-01-09 22:17:43,17181.7,5.484,17181.6,24.376,17181.8,2.48,17181.5,0.689,17181.9,0.667,17181.4,5.429,17182.0,0.601,17181.2,0.89,17182.1,0.357,17181.1,3.776,17182.2,3.904,17181.0,0.942,17182.3,0.094,17180.9,1.616,17182.4,6.692,17180.8,0.006,17182.5,1.876,17180.7,0.876,17182.6,1.442,17180.6,2.854
2023-01-09 22:17:44,17181.7,5.426,17181.6,24.376,17181.8,2.48,17181.5,0.715,17181.9,0.667,17181.4,5.429,17182.0,0.601,17181.2,0.89,17182.1,0.357,17181.1,3.776,17182.2,3.904,17181.0,0.942,17182.3,0.094,17180.9,1.616,17182.4,6.692,17180.8,0.006,17182.5,1.876,17180.7,0.876,17182.6,1.442,17180.6,2.854
2023-01-09 22:17:44,17181.7,5.484,17181.6,24.178,17181.8,2.48,17181.5,0.715,17181.9,0.667,17181.4,5.429,17182.0,0.601,17181.2,0.89,17182.1,0.357,17181.1,3.776,17182.2,3.904,17181.0,0.942,17182.3,0.094,17180.9,1.616,17182.4,6.692,17180.8,0.006,17182.5,1.876,17180.7,0.876,17182.6,1.442,17180.6,2.854
2023-01-09 22:17:44,17181.7,23.685,17181.6,24.178,17181.8,2.48,17181.5,0.715,17181.9,0.667,17181.4,5.429,17182.0,0.601,17181.2,0.89,17182.1,0.357,17181.1,3.776,17182.2,3.904,17181.0,0.942,17182.3,0.094,17180.9,1.616,17182.4,6.699,17180.8,0.006,17182.5,1.869,17180.7,0.003,17182.6,1.415,17180.6,2.854
2023-01-09 22:17:44,17181.7,24.063,17181.6,23.377,17181.8,3.062,17181.5,0.715,17181.9,0.667,17181.4,5.429,17182.0,1.138,17181.2,0.89,17182.1,0.357,17181.1,3.776,17182.2,3.904,17181.0,0.942,17182.3,0.094,17180.9,1.609,17182.4,6.361,17180.8,0.006,17182.5,1.869,17180.7,0.003,17182.6,2.321,17180.6,2.854
2023-01-09 22:17:45,17181.7,22.115,17181.6,23.391,17181.8,3.028,17181.5,0.715,17181.9,0.667,17181.4,5.429,17182.0,1.138,17181.2,0.89,17182.1,0.357,17181.1,3.776,17182.2,3.904,17181.0,0.942,17182.3,0.711,17180.9,1.609,17182.4,6.361,17180.8,0.879,17182.5,1.869,17180.7,0.003,17182.6,3.013,17180.6,2.854
2023-01-09 22:17:45,17181.7,24.258,17181.6,22.862,17181.8,3.028,17181.5,0.755,17181.9,0.667,17181.4,5.468,17182.0,1.138,17181.2,0.89,17182.1,0.357,17181.1,3.776,17182.2,4.854,17181.0,0.942,17182.3,0.711,17180.9,1.609,17182.4,6.361,17180.8,0.006,17182.5,1.869,17180.7,0.003,17182.6,3.013,17180.6,2.854
2023-01-09 22:17:45,17181.7,24.23,17181.6,21.989,17181.8,3.028,17181.5,0.755,17181.9,0.667,17181.4,5.468,17182.0,0.019,17181.2,0.89,17182.1,0.357,17181.1,3.776,17182.2,4.854,17181.0,0.942,17182.3,0.711,17180.9,1.609,17182.4,6.361,17180.8,0.006,17182.5,1.869,17180.7,0.003,17182.6,3.013,17180.6,2.854
2023-01-09 22:17:45,17181.7,25.515,17181.6,21.963,17181.8,3.028,17181.5,0.755,17181.9,0.667,17181.4,5.429,17182.0,0.019,17181.2,0.89,17182.1,0.357,17181.1,3.776,17182.2,4.854,17181.0,0.942,17182.3,0.711,17180.9,1.609,17182.4,6.361,17180.8,0.006,17182.5,1.869,17180.7,0.003,17182.6,3.021,17180.6,2.854
2023-01-09 22:17:46,17181.7,27.726,17181.6,24.523,17181.8,3.028,17181.5,0.758,17181.9,0.667,17181.4,5.429,17182.0,0.019,17181.2,0.89,17182.1,0.357,17181.1,3.776,17182.2,4.854,17181.0,0.942,17182.3,0.711,17180.9,1.609,17182.4,6.361,17180.8,0.006,17182.5,1.869,17180.7,0.876,17182.6,3.021,17180.6,2.854
2023-01-09 22:17:46,17181.7,25.074,17181.6,24.356,17181.8,3.028,17181.5,0.758,17181.9,0.667,17181.4,5.429,17182.0,0.019,17181.2,0.89,17182.1,0.357,17181.1,3.776,17182.2,3.979,17181.0,0.942,17182.3,1.638,17180.9,1.609,17182.4,6.361,17180.8,0.006,17182.5,1.869,17180.7,0.876,17182.6,2.321,17180.6,2.854
2023-01-09 22:17:46,17181.7,25.545,17181.6,24.356,17181.8,3.028,17181.5,0.758,17181.9,0.771,17181.4,5.429,17182.0,0.019,17181.2,0.89,17182.1,0.357,17181.1,3.776,17182.2,3.979,17181.0,0.942,17182.3,1.638,17180.9,1.609,17182.4,6.361,17180.8,0.006,17182.5,1.869,17180.7,0.876,17182.6,2.321,17180.6,2.854
2023-01-09 22:17:46,17181.7,25.545,17181.6,24.357,17181.8,3.028,17181.5,0.758,17181.9,0.771,17181.4,5.429,17182.0,0.019,17181.2,0.89,17182.1,0.403,17181.1,3.776,17182.2,6.867,17181.0,0.942,17182.3,0.02,17180.9,1.609,17182.4,7.052,17180.8,0.006,17182.5,1.869,17180.7,0.876,17182.6,3.546,17180.6,2.854
2023-01-09 22:17:47,17181.7,25.28,17181.6,24.357,17181.8,3.028,17181.5,0.759,17181.9,0.791,17181.4,5.429,17182.0,0.019,17181.2,0.89,17182.1,0.517,17181.1,3.776,17182.2,6.867,17181.0,0.942,17182.3,0.02,17180.9,1.609,17182.4,7.052,17180.8,0.006,17182.5,1.869,17180.7,0.003,17182.6,3.619,17180.6,2.854
2023-01-09 22:17:47,17181.7,25.253,17181.6,24.314,17181.8,3.028,17181.5,0.759,17181.9,0.791,17181.4,5.429,17182.0,0.019,17181.2,0.89,17182.1,0.517,17181.1,3.776,17182.2,6.867,17181.0,5.058,17182.3,0.02,17180.9,1.609,17182.4,7.052,17180.8,0.006,17182.5,1.869,17180.7,0.003,17182.6,3.619,17180.6,2.854
2023-01-09 22:17:47,17181.7,22.514,17181.6,24.314,17181.8,3.028,17181.5,0.759,17181.9,0.771,17181.4,5.429,17182.0,0.019,17181.2,0.89,17182.1,0.577,17181.1,3.776,17182.2,6.867,17181.0,0.942,17182.3,0.02,17180.9,1.609,17182.4,7.045,17180.8,0.006,17182.5,1.918,17180.7,0.003,17182.6,3.608,17180.6,2.854
2023-01-09 22:17:47,17181.7,22.517,17181.6,24.278,17181.8,3.028,17181.5,0.759,17181.9,0.771,17181.4,5.429,17182.0,0.019,17181.2,0.89,17182.1,0.577,17181.1,3.778,17182.2,6.867,17181.0,0.942,17182.3,0.02,17180.9,1.609,17182.4,7.045,17180.8,0.006,17182.5,1.918,17180.7,0.003,17182.6,3.655,17180.6,2.854
2023-01-09 22:17:48,17181.7,21.986,17181.6,25.278,17181.8,3.028,17181.5,0.717,17181.9,0.771,17181.4,5.429,17182.0,0.019,17181.2,0.89,17182.1,0.577,17181.1,3.776,17182.2,6.867,17181.0,0.942,17182.3,0.02,17180.9,1.609,17182.4,7.045,17180.8,0.879,17182.5,1.918,17180.7,0.003,17182.6,3.608,17180.6,2.854
2023-01-09 22:17:48,17181.7,21.255,17181.6,27.978,17181.8,3.028,17181.5,0.717,17181.9,0.771,17181.4,5.429,17182.0,0.019,17181.2,0.89,17182.1,0.577,17181.1,3.776,17182.2,6.867,17181.0,0.942,17182.3,0.711,17180.9,1.609,17182.4,6.378,17180.8,0.879,17182.5,1.869,17180.7,0.003,17182.6,2.329,17180.6,2.856
2023-01-09 22:17:48,17181.7,21.385,17181.6,27.992,17181.8,3.028,17181.5,0.717,17181.9,0.771,17181.4,5.429,17182.0,0.019,17181.2,0.89,17182.1,0.577,17181.1,3.776,17182.2,6.867,17181.0,0.944,17182.3,0.711,17180.9,1.609,17182.4,6.378,17180.8,0.879,17182.5,1.869,17180.7,0.003,17182.6,2.329,17180.6,2.854
2023-01-09 22:17:48,17181.7,21.327,17181.6,27.992,17181.8,3.028,17181.5,0.717,17181.9,0.771,17181.4,5.428,17182.0,0.019,17181.2,0.89,17182.1,0.577,17181.1,3.776,17182.2,6.867,17181.0,0.944,17182.3,0.756,17180.9,1.609,17182.4,6.378,17180.8,0.879,17182.5,1.869,17180.7,0.003,17182.6,2.329,17180.6,2.854
2023-01-09 22:17:49,17181.7,22.342,17181.6,27.992,17181.8,3.028,17181.5,0.717,17181.9,0.771,17181.4,5.429,17182.0,0.019,17181.2,0.89,17182.1,0.577,17181.1,3.776,17182.2,6.867,17181.0,0.944,17182.3,0.711,17180.9,1.609,17182.4,6.378,17180.8,0.006,17182.5,1.869,17180.7,0.003,17182.6,3.44,17180.6,2.854
2023-01-09 22:17:49,17181.7,22.283,17181.6,27.992,17181.8,3.028,17181.5,0.717,17181.9,0.771,17181.4,5.429,17182.0,0.019,17181.2,0.89,17182.1,0.577,17181.1,3.776,17182.2,6.867,17181.0,0.944,17182.3,0.711,17180.9,1.609,17182.4,6.378,17180.8,0.582,17182.5,3.177,17180.7,0.876,17182.6,3.021,17180.6,2.854
2023-01-09 22:17:49,17181.7,22.283,17181.6,27.992,17181.8,3.028,17181.5,0.717,17181.9,0.771,17181.4,5.429,17182.0,0.019,17181.2,0.89,17182.1,0.577,17181.1,3.776,17182.2,6.867,17181.0,0.944,17182.3,0.711,17180.9,1.609,17182.4,6.378,17180.8,0.582,17182.5,1.869,17180.7,0.876,17182.6,4.153,17180.6,2.854
2023-01-09 22:17:49,17181.7,22.283,17181.6,27.992,17181.8,3.028,17181.5,0.717,17181.9,0.771,17181.4,5.429,17182.0,0.019,17181.2,0.89,17182.1,0.624,17181.1,3.776,17182.2,6.867,17181.0,0.944,17182.3,0.711,17180.9,1.609,17182.4,6.378,17180.8,0.582,17182.5,1.869,17180.7,0.876,17182.6,4.153,17180.6,2.854
2023-01-09 22:17:50,17181.7,20.567,17181.6,29.192,17181.8,3.028,17181.5,0.717,17181.9,0.667,17181.4,5.429,17182.0,0.019,17181.2,0.89,17182.1,0.577,17181.1,3.776,17182.2,6.867,17181.0,4.749,17182.3,0.711,17180.9,1.609,17182.4,6.378,17180.8,0.582,17182.5,1.869,17180.7,0.876,17182.6,4.321,17180.6,2.854
2023-01-09 22:17:50,17181.7,19.648,17181.6,27.986,17181.8,3.028,17181.5,0.717,17181.9,0.667,17181.4,5.429,17182.0,0.019,17181.2,0.89,17182.1,0.577,17181.1,3.776,17182.2,6.867,17181.0,0.944,17182.3,0.711,17180.9,1.609,17182.4,6.354,17180.8,0.582,17182.5,1.869,17180.7,0.876,17182.6,3.351,17180.6,2.854
2023-01-09 22:17:50,17181.7,19.587,17181.6,27.986,17181.8,2.446,17181.5,1.556,17181.9,0.667,17181.4,6.196,17182.0,0.019,17181.2,0.017,17182.1,0.577,17181.1,3.776,17182.2,6.867,17181.0,4.041,17182.3,0.02,17180.9,1.609,17182.4,7.628,17180.8,0.582,17182.5,1.869,17180.7,0.876,17182.6,1.472,17180.6,2.854
2023-01-09 22:17:50,17181.7,19.356,17181.6,28.568,17181.8,2.446,17181.5,1.556,17181.9,0.667,17181.4,6.196,17182.0,0.179,17181.2,0.017,17182.1,0.417,17181.1,3.776,17182.2,4.459,17181.0,4.041,17182.3,0.02,17180.9,1.609,17182.4,10.011,17180.8,0.582,17182.5,1.938,17180.7,0.876,17182.6,2.17,17180.6,2.854
2023-01-09 22:17:51,17181.7,19.356,17181.6,32.239,17181.8,2.446,17181.5,1.556,17181.9,0.667,17181.4,6.196,17182.0,0.179,17181.2,0.017,17182.1,0.42,17181.1,3.776,17182.2,4.459,17181.0,4.041,17182.3,0.13,17180.9,1.609,17182.4,9.738,17180.8,0.582,17182.5,1.938,17180.7,0.876,17182.6,2.147,17180.6,2.854
2023-01-09 22:17:51,17181.7,1.613,17181.6,30.316,17181.8,2.446,17181.5,1.556,17181.9,0.667,17181.4,6.196,17182.0,0.179,17181.3,1.461,17182.1,0.42,17181.2,0.017,17182.2,4.459,17181.1,3.776,17182.3,0.13,17181.0,4.041,17182.4,9.738,17180.9,0.086,17182.5,1.938,17180.8,0.582,17182.6,2.147,17180.7,0.876
2023-01-09 22:17:51,17181.7,1.613,17181.6,30.316,17181.8,2.446,17181.5,1.53,17181.9,0.667,17181.4,6.196,17182.0,0.179,17181.3,1.461,17182.1,0.417,17181.1,3.776,17182.2,5.046,17181.0,4.041,17182.3,0.269,17180.9,0.086,17182.4,9.156,17180.8,0.582,17182.5,2.629,17180.7,0.876,17182.6,1.456,17180.6,2.854
2023-01-09 22:17:51,17181.7,1.533,17181.6,30.316,17181.8,2.446,17181.5,1.53,17181.9,0.667,17181.4,6.196,17182.0,0.179,17181.3,1.461,17182.1,0.357,17181.1,3.776,17182.2,5.001,17181.0,4.041,17182.3,0.269,17180.9,0.086,17182.4,7.299,17180.8,0.582,17182.5,1.869,17180.7,0.876,17182.6,2.147,17180.6,2.854
2023-01-09 22:17:52,17181.9,0.975,17181.8,42.909,17182.0,0.179,17181.7,6.472,17182.1,0.357,17181.6,14.529,17182.2,3.971,17181.5,1.53,17182.3,0.04,17181.4,0.768,17182.4,7.266,17181.3,1.495,17182.5,1.869,17181.0,4.039,17182.6,2.147,17180.9,0.114,17182.7,2.071,17180.8,0.583,17182.8,0.005,17180.7,0.877
2023-01-09 22:17:52,17181.9,0.959,17181.8,49.725,17182.0,0.179,17181.7,2.233,17182.1,0.357,17181.6,10.567,17182.2,3.971,17181.5,1.53,17182.3,0.04,17181.4,0.799,17182.4,7.266,17181.3,1.495,17182.5,1.869,17181.1,0.017,17182.6,2.147,17181.0,4.039,17182.7,2.745,17180.9,0.114,17182.8,0.005,17180.8,0.583
2023-01-09 22:17:52,17181.9,0.959,17181.8,51.893,17182.0,0.179,17181.7,2.233,17182.1,0.357,17181.6,10.484,17182.2,3.971,17181.5,0.873,17182.3,0.04,17181.4,0.799,17182.4,7.266,17181.3,1.495,17182.5,1.869,17181.1,0.017,17182.6,2.147,17181.0,4.039,17182.7,2.745,17180.9,0.114,17182.8,0.005,17180.8,0.583
2023-01-09 22:17:52,17181.9,0.959,17181.8,52.758,17182.0,0.179,17181.7,3.756,17182.1,0.357,17181.6,10.484,17182.2,3.971,17181.5,0.873,17182.3,0.04,17181.4,0.032,17182.4,7.266,17181.3,0.034,17182.5,1.869,17181.1,0.017,17182.6,2.147,17181.0,4.039,17182.7,2.745,17180.9,0.114,17182.8,0.005,17180.8,0.583
2023-01-09 22:17:53,17181.9,0.959,17181.8,55.909,17182.0,0.179,17181.7,3.756,17182.1,0.357,17181.6,7.284,17182.2,3.971,17181.5,0.873,17182.3,0.04,17181.4,0.032,17182.4,7.266,17181.3,0.034,17182.5,1.869,17181.1,0.017,17182.6,2.147,17181.0,4.039,17182.7,2.745,17180.9,0.114,17182.8,0.005,17180.8,0.583
2023-01-09 22:17:53,17181.9,2.304,17181.8,56.959,17182.0,0.179,17181.7,3.756,17182.1,0.357,17181.6,7.284,17182.2,6.044,17181.5,0.873,17182.3,0.04,17181.4,0.032,17182.4,7.266,17181.3,0.034,17182.5,1.869,17181.1,0.017,17182.6,2.147,17181.0,4.039,17182.7,0.055,17180.9,0.114,17182.8,0.005,17180.8,0.583
2023-01-09 22:17:53,17181.9,1.156,17181.8,54.926,17182.0,0.179,17181.7,3.756,17182.1,0.357,17181.6,7.284,17182.2,6.044,17181.5,0.873,17182.3,0.04,17181.4,0.032,17182.4,6.322,17181.3,0.034,17182.5,2.56,17181.1,0.017,17182.6,1.456,17181.0,4.039,17182.7,0.055,17180.9,0.114,17182.8,0.697,17180.8,0.583
2023-01-09 22:17:53,17181.9,3.716,17181.8,54.953,17182.0,0.179,17181.7,3.756,17182.1,0.357,17181.6,7.284,17182.2,6.044,17181.5,0.873,17182.3,0.04,17181.4,0.032,17182.4,7.336,17181.3,0.034,17182.5,2.56,17181.1,0.017,17182.6,1.456,17181.0,4.039,17182.7,0.055,17180.9,0.114,17182.8,0.697,17180.8,0.583
2023-01-09 22:17:54,17181.9,4.301,17181.8,56.953,17182.0,0.179,17181.7,3.756,17182.1,0.357,17181.6,7.284,17182.2,6.044,17181.5,0.873,17182.3,0.04,17181.4,0.032,17182.4,7.336,17181.3,0.034,17182.5,2.56,17181.1,0.017,17182.6,1.456,17181.0,4.039,17182.7,0.055,17180.9,0.114,17182.8,0.697,17180.8,0.583
2023-01-09 22:17:54,17181.9,4.352,17181.8,55.551,17182.0,0.179,17181.7,3.756,17182.1,0.357,17181.6,7.284,17182.2,6.044,17181.5,0.873,17182.3,0.04,17181.4,0.032,17182.4,7.336,17181.3,0.034,17182.5,2.56,17181.1,0.017,17182.6,1.456,17181.0,4.039,17182.7,0.055,17180.9,0.114,17182.8,0.697,17180.8,0.583
2023-01-09 22:17:54,17181.9,4.192,17181.8,53.49,17182.0,0.179,17181.7,3.784,17182.1,0.357,17181.6,7.284,17182.2,6.044,17181.5,0.873,17182.3,0.04,17181.4,0.032,17182.4,8.027,17181.3,0.034,17182.5,1.869,17181.1,0.017,17182.6,1.456,17181.0,4.039,17182.7,0.747,17180.9,0.114,17182.8,0.005,17180.8,0.583
2023-01-09 22:17:54,17181.9,3.691,17181.8,53.531,17182.0,0.179,17181.7,3.784,17182.1,0.357,17181.6,7.285,17182.2,6.044,17181.5,0.873,17182.3,0.04,17181.4,0.031,17182.4,8.027,17181.3,0.034,17182.5,1.869,17181.1,0.017,17182.6,1.456,17181.0,4.039,17182.7,0.747,17180.9,0.114,17182.8,0.005,17180.8,0.583
2023-01-09 22:17:55,17181.9,1.085,17181.8,54.612,17182.0,0.179,17181.7,3.784,17182.1,0.357,17181.6,7.285,17182.2,6.044,17181.5,0.873,17182.3,0.04,17181.4,0.031,17182.4,8.027,17181.3,0.034,17182.5,1.997,17181.1,0.017,17182.6,1.456,17181.0,4.039,17182.7,0.747,17180.9,0.114,17182.8,0.005,17180.8,0.583
2023-01-09 22:17:55,17181.9,4.243,17181.8,54.679,17182.0,0.179,17181.7,3.988,17182.1,0.357,17181.6,7.229,17182.2,6.044,17181.5,0.873,17182.3,0.04,17181.4,0.031,17182.4,8.027,17181.3,0.034,17182.5,1.997,17181.1,0.017,17182.6,2.844,17181.0,4.039,17182.7,0.747,17180.9,0.114,17182.8,0.005,17180.8,0.583
2023-01-09 22:17:55,17181.9,4.243,17181.8,54.679,17182.0,0.179,17181.7,3.988,17182.1,0.357,17181.6,7.229,17182.2,6.044,17181.5,0.873,17182.3,0.04,17181.4,0.031,17182.4,8.027,17181.3,0.034,17182.5,1.997,17181.1,0.017,17182.6,1.456,17181.0,0.036,17182.7,0.747,17180.9,0.114,17182.8,0.005,17180.8,0.583
2023-01-09 22:17:55,17181.9,2.177,17181.8,53.513,17182.0,0.179,17181.7,3.9,17182.1,0.357,17181.6,7.167,17182.2,6.044,17181.5,0.873,17182.3,0.04,17181.4,0.031,17182.4,8.027,17181.3,0.034,17182.5,2.042,17181.1,0.017,17182.6,1.456,17181.0,0.036,17182.7,0.747,17180.9,0.114,17182.8,0.01,17180.8,0.583
2023-01-09 22:17:56,17181.9,0.99,17181.8,56.713,17182.0,0.179,17181.7,3.987,17182.1,0.357,17181.6,7.167,17182.2,6.044,17181.5,0.873,17182.3,0.04,17181.4,0.031,17182.4,8.027,17181.3,0.034,17182.5,2.042,17181.1,0.017,17182.6,1.456,17181.0,0.036,17182.7,0.747,17180.9,0.114,17182.8,0.005,17180.8,0.583
2023-01-09 22:17:56,17181.9,1.045,17181.8,51.105,17182.0,0.179,17181.7,3.987,17182.1,0.357,17181.6,7.167,17182.2,6.044,17181.5,0.873,17182.3,0.04,17181.4,0.031,17182.4,8.027,17181.3,0.034,17182.5,2.042,17181.1,0.017,17182.6,1.456,17181.0,3.989,17182.7,0.747,17180.9,0.114,17182.8,0.005,17180.8,0.583
2023-01-09 22:17:56,17181.9,1.045,17181.8,51.105,17182.0,0.179,17181.7,3.987,17182.1,0.357,17181.6,7.167,17182.2,6.044,17181.5,0.873,17182.3,0.04,17181.4,0.031,17182.4,8.027,17181.3,0.034,17182.5,2.042,17181.1,0.017,17182.6,1.456,17181.0,3.989,17182.7,0.747,17180.9,0.114,17182.8,0.005,17180.8,0.583
2023-01-09 22:17:56,17181.9,1.045,17181.8,51.047,17182.0,0.179,17181.7,3.987,17182.1,0.357,17181.6,7.167,17182.2,6.044,17181.5,0.873,17182.3,0.04,17181.4,0.031,17182.4,8.027,17181.3,0.034,17182.5,2.042,17181.1,0.017,17182.6,1.456,17181.0,3.989,17182.7,0.747,17180.9,0.114,17182.8,0.005,17180.8,0.583
2023-01-09 22:17:57,17181.9,1.045,17181.8,54.305,17182.0,0.019,17181.7,3.987,17182.1,0.397,17181.6,7.157,17182.2,6.044,17181.5,0.873,17182.3,0.68,17181.4,0.031,17182.4,6.002,17181.3,0.034,17182.5,2.781,17181.1,0.017,17182.6,1.405,17181.0,0.036,17182.7,0.055,17180.9,0.114,17182.8,2.44,17180.8,0.583
2023-01-09 22:17:57,17181.9,4.187,17181.8,51.025,17182.0,0.019,17181.7,3.877,17182.1,0.357,17181.6,7.118,17182.2,6.044,17181.5,0.873,17182.3,0.72,17181.4,0.031,17182.4,6.002,17181.3,0.034,17182.5,2.781,17181.1,0.017,17182.6,0.505,17181.0,0.036,17182.7,0.055,17180.9,0.114,17182.8,3.546,17180.8,0.583
2023-01-09 22:17:57,17181.9,4.183,17181.8,51.025,17182.0,0.019,17181.7,3.877,17182.1,0.357,17181.6,7.118,17182.2,6.044,17181.5,0.873,17182.3,0.72,17181.4,0.031,17182.4,6.002,17181.3,0.034,17182.5,2.781,17181.1,0.017,17182.6,0.505,17181.0,0.036,17182.7,0.069,17180.9,0.114,17182.8,3.537,17180.8,0.583
2023-01-09 22:17:57,17181.9,4.263,17181.8,51.025,17182.0,0.019,17181.7,3.82,17182.1,0.357,17181.6,7.118,17182.2,6.044,17181.5,0.873,17182.3,0.72,17181.4,0.031,17182.4,6.002,17181.3,0.034,17182.5,2.781,17181.2,0.045,17182.6,0.516,17181.0,0.036,17182.7,0.777,17180.9,0.114,17182.8,2.832,17180.8,0.583
2023-01-09 22:17:58,17181.9,4.351,17181.8,51.025,17182.0,0.019,17181.7,3.82,17182.1,1.357,17181.6,7.118,17182.2,6.044,17181.5,0.873,17182.3,0.72,17181.4,0.031,17182.4,6.693,17181.3,0.034,17182.5,2.098,17181.2,0.045,17182.6,0.505,17181.0,0.036,17182.7,0.747,17180.9,0.114,17182.8,2.85,17180.8,0.583
2023-01-09 22:17:58,17181.9,4.344,17181.8,51.071,17182.0,0.019,17181.7,3.82,17182.1,0.357,17181.6,7.118,17182.2,6.044,17181.5,0.873,17182.3,0.72,17181.4,0.031,17182.4,6.002,17181.3,0.034,17182.5,2.789,17181.2,0.045,17182.6,0.505,17181.0,0.038,17182.7,0.747,17180.9,0.114,17182.8,2.868,17180.8,0.583
2023-01-09 22:17:58,17181.9,4.344,17181.8,51.071,17182.0,0.019,17181.7,3.82,17182.1,0.357,17181.6,7.118,17182.2,6.044,17181.5,0.873,17182.3,0.72,17181.4,0.031,17182.4,6.002,17181.3,0.034,17182.5,2.835,17181.2,0.045,17182.6,0.505,17181.0,0.038,17182.7,0.747,17180.9,0.114,17182.8,2.842,17180.8,0.583
2023-01-09 22:17:58,17181.9,1.202,17181.8,50.658,17182.0,0.019,17181.7,3.616,17182.1,0.357,17181.6,7.118,17182.2,6.044,17181.5,0.873,17182.3,0.72,17181.4,0.031,17182.4,6.002,17181.3,0.034,17182.5,2.827,17181.2,0.045,17182.6,0.505,17181.0,0.036,17182.7,0.055,17180.9,0.114,17182.8,3.524,17180.8,0.583
2023-01-09 22:17:59,17181.9,1.784,17181.8,50.6,17182.0,0.019,17181.7,3.616,17182.1,1.357,17181.6,7.118,17182.2,6.044,17181.5,0.873,17182.3,0.72,17181.4,0.031,17182.4,8.002,17181.3,0.034,17182.5,2.827,17181.2,0.045,17182.6,0.505,17181.0,0.036,17182.7,0.055,17180.9,0.114,17182.8,3.524,17180.8,0.583
2023-01-09 22:17:59,17182.7,0.055,17182.6,13.441,17182.8,1.748,17182.5,19.086,17182.9,1.462,17182.4,25.668,17183.0,6.95,17182.3,13.839,17183.1,2.792,17182.2,10.344,17183.2,2.466,17182.1,6.922,17183.3,0.224,17182.0,1.2,17183.4,1.623,17181.9,2.914,17183.5,2.591,17181.8,19.85,17183.6,0.004,17181.7,3.676
2023-01-09 22:17:59,17182.7,1.475,17182.6,43.281,17182.8,0.005,17182.5,7.94,17182.9,0.057,17182.4,3.49,17183.0,0.023,17182.3,1.502,17183.1,2.791,17182.2,3.343,17183.2,0.02,17182.1,0.008,17183.3,0.224,17182.0,0.5,17183.4,1.107,17181.9,4.152,17183.5,2.59,17181.8,14.117,17183.6,0.004,17181.7,2.322
2023-01-09 22:17:59,17182.7,0.256,17182.6,35.046,17182.8,0.005,17182.5,9.119,17182.9,0.056,17182.4,3.49,17183.0,0.023,17182.3,1.502,17183.1,0.97,17182.2,3.343,17183.2,1.005,17182.1,0.008,17183.3,0.224,17182.0,0.5,17183.4,1.107,17181.9,4.152,17183.5,2.59,17181.8,5.719,17183.6,0.004,17181.7,3.777
2023-01-09 22:18:00,17182.7,0.419,17182.6,36.138,17182.8,0.005,17182.5,9.119,17182.9,0.056,17182.4,3.49,17183.0,0.023,17182.3,1.499,17183.1,0.97,17182.2,3.343,17183.2,1.005,17182.1,0.02,17183.3,0.224,17182.0,0.5,17183.4,1.107,17181.9,4.152,17183.5,2.59,17181.8,2.719,17183.6,0.004,17181.7,5.535
2023-01-09 22:18:00,17182.7,2.567,17182.6,35.359,17182.8,0.005,17182.5,8.684,17182.9,0.056,17182.4,3.007,17183.0,0.023,17182.3,1.1,17183.1,0.97,17182.2,3.28,17183.2,1.005,17182.1,0.033,17183.3,0.224,17182.0,0.5,17183.4,1.107,17181.9,4.202,17183.5,2.59,17181.8,2.719,17183.6,0.011,17181.7,3.632
2023-01-09 22:18:00,17182.7,2.384,17182.6,36.092,17182.8,0.005,17182.5,8.684,17182.9,0.056,17182.4,3.007,17183.0,0.023,17182.3,1.1,17183.1,0.971,17182.2,3.28,17183.2,1.014,17182.1,0.033,17183.3,0.225,17182.0,0.554,17183.4,0.151,17181.9,4.222,17183.5,2.591,17181.8,2.719,17183.6,0.005,17181.7,3.632
2023-01-09 22:18:00,17182.7,1.577,17182.6,35.979,17182.8,0.005,17182.5,8.536,17182.9,0.056,17182.4,3.007,17183.0,0.023,17182.3,1.131,17183.1,0.018,17182.2,3.28,17183.2,1.014,17182.1,0.033,17183.3,0.225,17182.0,0.554,17183.4,0.151,17181.9,4.222,17183.5,2.591,17181.8,2.719,17183.6,0.005,17181.7,3.632
2023-01-09 22:18:01,17182.7,1.577,17182.6,35.982,17182.8,0.005,17182.5,8.536,17182.9,0.056,17182.4,3.008,17183.0,0.023,17182.3,1.131,17183.1,0.018,17182.2,3.28,17183.2,1.014,17182.1,0.033,17183.3,0.225,17182.0,0.554,17183.4,0.151,17181.9,4.222,17183.5,2.591,17181.8,2.719,17183.6,0.005,17181.7,3.632
2023-01-09 22:18:01,17182.7,1.577,17182.6,37.46,17182.8,0.005,17182.5,8.525,17182.9,0.056,17182.4,3.008,17183.0,0.023,17182.3,1.131,17183.1,0.018,17182.2,3.28,17183.2,1.014,17182.1,0.033,17183.3,0.225,17182.0,0.554,17183.4,0.151,17181.9,4.222,17183.5,2.591,17181.8,2.719,17183.6,0.005,17181.7,3.632
2023-01-09 22:18:01,17182.7,1.549,17182.6,37.476,17182.8,0.005,17182.5,8.525,17182.9,0.056,17182.4,3.008,17183.0,0.023,17182.3,1.131,17183.1,0.018,17182.2,3.28,17183.2,1.014,17182.1,0.078,17183.3,0.225,17182.0,0.554,17183.4,0.151,17181.9,4.222,17183.5,2.591,17181.8,2.719,17183.6,0.005,17181.7,3.632
2023-01-09 22:18:01,17182.7,1.475,17182.6,37.482,17182.8,0.005,17182.5,8.525,17182.9,0.056,17182.4,3.008,17183.0,0.023,17182.3,1.131,17183.1,0.018,17182.2,3.28,17183.2,1.014,17182.1,0.078,17183.3,0.225,17182.0,0.554,17183.4,0.151,17181.9,4.222,17183.5,2.591,17181.8,2.719,17183.6,0.005,17181.7,3.632
2023-01-09 22:18:02,17183.3,0.225,17183.2,60.319,17183.4,0.151,17183.1,14.039,17183.5,0.005,17183.0,4.538,17183.6,0.005,17182.9,5.817,17183.7,0.006,17182.8,7.391,17183.8,0.013,17182.7,0.113,17183.9,1.45,17182.6,12.629,17184.0,0.646,17182.5,1.698,17184.1,0.014,17182.4,0.001,17184.2,0.699,17182.3,1.131
2023-01-09 22:18:02,17183.3,0.166,17183.2,73.022,17183.4,0.151,17183.1,7.098,17183.5,0.005,17183.0,0.204,17183.6,0.005,17182.9,1.647,17183.7,0.006,17182.8,7.391,17183.8,0.013,17182.6,4.469,17183.9,1.45,17182.5,0.529,17184.0,0.018,17182.4,0.001,17184.1,0.014,17182.3,1.131,17184.2,0.699,17182.2,0.073
2023-01-09 22:18:02,17183.3,0.166,17183.2,72.022,17183.4,0.151,17183.1,7.098,17183.5,0.005,17183.0,0.204,17183.6,0.005,17182.9,1.647,17183.7,0.006,17182.8,7.401,17183.8,0.013,17182.6,4.231,17183.9,1.45,17182.5,0.529,17184.0,0.018,17182.4,0.001,17184.1,0.014,17182.3,1.131,17184.2,0.699,17182.2,0.073
2023-01-09 22:18:02,17183.3,0.166,17183.2,72.01,17183.4,0.151,17183.1,7.098,17183.5,0.005,17183.0,0.204,17183.6,0.005,17182.9,1.647,17183.7,0.006,17182.8,7.28,17183.8,0.013,17182.6,4.231,17183.9,1.45,17182.5,0.529,17184.0,0.018,17182.4,0.001,17184.1,0.014,17182.3,1.131,17184.2,0.699,17182.2,0.073
2023-01-09 22:18:03,17183.3,0.166,17183.2,75.212,17183.4,0.151,17183.1,7.098,17183.5,0.005,17183.0,0.204,17183.6,0.005,17182.9,1.647,17183.7,0.006,17182.8,5.08,17183.8,0.013,17182.6,3.231,17183.9,1.451,17182.5,0.529,17184.0,0.019,17182.4,0.001,17184.1,0.015,17182.3,1.131,17184.2,0.7,17182.2,2.204
2023-01-09 22:18:03,17183.3,0.066,17183.2,75.235,17183.4,0.151,17183.1,7.089,17183.5,0.005,17183.0,0.204,17183.6,0.005,17182.9,1.647,17183.7,0.006,17182.8,5.08,17183.8,0.013,17182.7,0.046,17183.9,1.451,17182.6,3.231,17184.0,0.019,17182.5,0.529,17184.1,0.015,17182.4,0.001,17184.2,0.7,17182.3,1.131
2023-01-09 22:18:03,17183.3,0.066,17183.2,73.752,17183.4,0.151,17183.1,5.606,17183.5,0.005,17183.0,0.204,17183.6,0.005,17182.9,1.482,17183.7,0.006,17182.8,5.08,17183.8,0.013,17182.6,3.231,17183.9,1.451,17182.5,0.529,17184.0,0.019,17182.4,0.001,17184.1,0.015,17182.3,1.131,17184.2,1.391,17182.2,2.204
2023-01-09 22:18:03,17183.8,0.19,17183.7,51.806,17183.9,1.451,17183.6,10.34,17184.0,0.019,17183.5,0.228,17184.1,0.015,17183.4,0.059,17184.2,1.391,17183.3,0.067,17184.3,0.004,17183.2,12.906,17184.5,1.746,17183.1,2.559,17184.6,0.001,17183.0,0.089,17184.7,2.721,17182.9,1.423,17184.8,0.581,17182.8,8.124
2023-01-09 22:18:04,17183.8,0.196,17183.7,54.829,17183.9,1.451,17183.6,10.325,17184.0,0.019,17183.5,0.228,17184.1,0.706,17183.4,0.01,17184.2,0.7,17183.3,0.067,17184.3,0.004,17183.2,9.706,17184.5,1.746,17183.1,2.559,17184.6,0.001,17183.0,0.089,17184.7,3.721,17182.9,1.423,17185.0,2.028,17182.8,8.124
2023-01-09 22:18:04,17183.8,0.196,17183.7,63.088,17183.9,1.451,17183.6,10.28,17184.0,0.019,17183.5,0.228,17184.1,0.015,17183.4,0.01,17184.2,0.7,17183.3,0.067,17184.3,0.004,17183.2,2.852,17184.4,0.691,17183.1,2.559,17184.5,1.746,17183.0,0.089,17184.6,0.001,17182.9,1.423,17184.7,2.721,17182.8,8.124
2023-01-09 22:18:04,17183.8,0.174,17183.7,63.088,17183.9,1.451,17183.6,10.28,17184.0,0.019,17183.5,0.178,17184.1,0.015,17183.4,0.01,17184.2,0.7,17183.3,0.067,17184.3,0.695,17183.2,2.852,17184.5,1.746,17183.1,2.559,17184.6,0.001,17183.0,0.089,17184.7,2.721,17182.9,1.344,17184.9,0.015,17182.8,8.124
2023-01-09 22:18:04,17183.8,0.176,17183.7,63.088,17183.9,1.451,17183.6,10.28,17184.0,0.019,17183.5,0.178,17184.1,0.706,17183.4,0.01,17184.2,0.7,17183.3,0.067,17184.3,0.004,17183.2,2.852,17184.5,1.746,17183.1,2.613,17184.6,0.001,17183.0,0.089,17184.7,3.322,17182.9,1.344,17184.9,0.016,17182.8,8.161
2023-01-09 22:18:05,17183.8,0.176,17183.7,63.088,17183.9,1.451,17183.6,10.28,17184.0,0.019,17183.5,0.178,17184.1,0.015,17183.4,0.01,17184.2,0.7,17183.3,0.067,17184.3,0.004,17183.2,3.847,17184.4,0.691,17183.1,2.613,17184.5,1.746,17183.0,0.089,17184.6,0.001,17182.9,1.344,17184.7,2.722,17182.8,8.161
2023-01-09 22:18:05,17183.8,0.176,17183.7,63.088,17183.9,1.451,17183.6,10.274,17184.0,0.019,17183.5,0.178,17184.1,0.015,17183.4,0.01,17184.2,0.7,17183.3,0.067,17184.3,0.004,17183.2,3.847,17184.4,0.691,17183.1,2.613,17184.5,1.746,17183.0,0.089,17184.6,0.001,17182.9,1.344,17184.7,2.722,17182.8,8.161
2023-01-09 22:18:05,17183.8,0.184,17183.7,62.783,17183.9,1.451,17183.6,10.274,17184.0,0.019,17183.5,0.178,17184.1,0.015,17183.3,0.067,17184.2,0.7,17183.2,2.852,17184.3,0.703,17183.1,3.678,17184.5,1.746,17183.0,0.089,17184.6,0.001,17182.9,1.344,17184.7,2.722,17182.8,8.161,17184.9,0.016,17182.7,0.088
2023-01-09 22:18:05,17183.8,0.184,17183.7,62.783,17183.9,1.451,17183.6,10.274,17184.0,0.019,17183.5,0.178,17184.1,0.015,17183.3,0.067,17184.2,0.7,17183.2,2.852,17184.3,0.703,17183.1,3.678,17184.5,1.746,17183.0,0.089,17184.6,0.001,17182.9,1.344,17184.7,2.722,17182.8,8.161,17184.9,0.016,17182.7,0.088
2023-01-09 22:18:06,17183.9,2.622,17183.8,44.736,17184.0,0.019,17183.7,24.981,17184.1,0.015,17183.6,9.212,17184.2,0.7,17183.3,0.067,17184.3,0.703,17183.2,2.852,17184.5,1.746,17183.1,3.678,17184.6,0.001,17183.0,0.089,17184.7,2.722,17182.9,1.344,17184.9,0.016,17182.8,8.161,17185.0,0.61,17182.7,0.088
2023-01-09 22:18:06,17183.9,2.642,17183.8,55.992,17184.0,0.019,17183.7,7.462,17184.1,0.015,17183.6,8.103,17184.2,0.7,17183.4,0.017,17184.3,0.012,17183.3,0.067,17184.5,1.746,17183.2,2.852,17184.6,0.001,17183.1,3.678,17184.7,2.722,17183.0,0.089,17184.9,0.016,17182.9,1.344,17185.0,0.61,17182.8,8.162
2023-01-09 22:18:06,17183.9,1.602,17183.8,58.571,17184.0,0.019,17183.7,7.46,17184.1,0.015,17183.6,8.103,17184.2,0.7,17183.4,0.017,17184.3,0.031,17183.3,0.067,17184.5,1.746,17183.2,2.852,17184.6,0.001,17183.1,3.678,17184.7,2.722,17183.0,0.089,17184.9,0.016,17182.9,1.344,17185.0,0.029,17182.8,8.162
2023-01-09 22:18:06,17183.9,0.354,17183.8,58.586,17184.0,0.019,17183.7,11.424,17184.1,0.015,17183.6,8.103,17184.2,0.7,17183.4,0.017,17184.3,0.031,17183.3,0.067,17184.5,1.746,17183.2,2.852,17184.6,0.001,17183.1,3.678,17184.7,0.009,17183.0,0.089,17184.9,0.016,17182.9,1.344,17185.0,0.029,17182.8,8.162
2023-01-09 22:18:07,17183.9,0.315,17183.8,58.913,17184.0,0.019,17183.7,4.261,17184.1,0.015,17183.6,8.104,17184.2,0.7,17183.5,0.2,17184.3,0.012,17183.4,0.017,17184.5,1.746,17183.3,0.067,17184.6,0.001,17183.2,2.852,17184.7,0.009,17183.1,4.158,17184.9,0.016,17183.0,0.089,17185.0,0.029,17182.9,1.344
2023-01-09 22:18:07,17183.9,0.313,17183.8,59.135,17184.0,0.019,17183.7,8.332,17184.1,0.015,17183.6,8.104,17184.2,0.7,17183.5,0.2,17184.3,0.012,17183.4,0.017,17184.5,1.746,17183.3,0.067,17184.6,0.001,17183.2,2.91,17184.7,0.009,17183.1,4.158,17184.9,0.016,17183.0,0.089,17185.0,0.029,17182.9,1.344
2023-01-09 22:18:07,17183.9,0.332,17183.8,58.546,17184.0,0.019,17183.7,8.332,17184.1,0.015,17183.6,8.104,17184.2,0.7,17183.5,0.2,17184.3,0.012,17183.4,0.017,17184.5,1.746,17183.3,0.067,17184.6,0.001,17183.2,2.91,17184.7,0.009,17183.1,4.158,17184.9,0.016,17183.0,0.089,17185.0,0.029,17182.9,1.344
2023-01-09 22:18:07,17183.9,0.226,17183.8,57.308,17184.0,0.038,17183.7,8.332,17184.1,0.015,17183.6,8.104,17184.2,0.7,17183.4,0.017,17184.3,0.012,17183.3,0.307,17184.5,1.746,17183.2,2.91,17184.6,0.001,17183.1,4.158,17184.7,0.009,17183.0,0.089,17184.9,0.016,17182.9,1.344,17185.0,0.029,17182.8,8.149
2023-01-09 22:18:08,17183.9,0.146,17183.8,57.527,17184.0,0.019,17183.7,8.332,17184.1,0.015,17183.6,8.104,17184.2,0.7,17183.4,0.017,17184.3,0.012,17183.3,0.307,17184.5,1.746,17183.2,2.91,17184.6,0.001,17183.1,4.158,17184.7,0.009,17183.0,0.089,17184.8,0.019,17182.9,1.344,17184.9,0.001,17182.8,8.149
2023-01-09 22:18:08,17183.9,0.085,17183.8,57.533,17184.0,0.035,17183.7,8.332,17184.1,0.015,17183.6,8.104,17184.2,0.7,17183.4,0.017,17184.3,0.012,17183.3,0.307,17184.5,1.746,17183.2,2.91,17184.6,0.001,17183.1,4.158,17184.7,0.009,17183.0,0.089,17184.8,0.019,17182.9,1.344,17184.9,0.001,17182.8,8.149
2023-01-09 22:18:08,17185.3,21.557,17185.2,7.612,17185.4,7.659,17185.1,0.004,17185.7,1.835,17185.0,0.004,17185.8,5.005,17184.9,0.585,17185.9,0.016,17184.8,0.071,17186.0,0.052,17184.7,0.024,17186.1,0.03,17184.6,0.004,17186.2,1.528,17184.5,0.099,17186.3,1.613,17184.4,0.004,17186.4,4.158,17184.3,0.092
2023-01-09 22:18:08,17185.3,26.279,17185.2,13.804,17185.4,6.775,17185.1,1.066,17185.6,0.015,17185.0,0.004,17185.7,1.852,17184.9,0.585,17185.8,5.005,17184.8,0.071,17185.9,0.016,17184.7,0.024,17186.0,0.052,17184.6,0.004,17186.1,0.001,17184.5,0.11,17186.2,1.528,17184.4,0.004,17186.3,1.613,17184.3,0.092
2023-01-09 22:18:09,17185.3,33.988,17185.2,14.325,17185.4,6.822,17185.1,1.066,17185.5,2.102,17185.0,0.004,17185.7,1.852,17184.9,0.585,17185.8,4.034,17184.8,0.071,17185.9,0.016,17184.7,0.024,17186.0,0.052,17184.6,2.907,17186.1,0.001,17184.5,0.11,17186.2,1.528,17184.4,0.004,17186.3,1.613,17184.3,0.092
2023-01-09 22:18:09,17185.3,31.987,17185.2,14.328,17185.4,6.819,17185.1,1.066,17185.5,2.052,17185.0,0.004,17185.6,0.889,17184.9,0.585,17185.7,1.835,17184.8,0.071,17185.8,4.034,17184.7,0.024,17185.9,0.096,17184.6,2.907,17186.0,0.052,17184.5,0.11,17186.1,0.001,17184.4,0.004,17186.2,0.656,17184.3,0.092
2023-01-09 22:18:09,17185.3,32.06,17185.2,14.328,17185.4,6.776,17185.1,1.066,17185.5,0.001,17185.0,0.004,17185.6,0.89,17184.9,0.004,17185.7,1.836,17184.8,0.071,17185.8,4.043,17184.7,0.032,17185.9,0.017,17184.6,2.907,17186.0,0.07,17184.5,0.691,17186.1,0.001,17184.4,0.004,17186.2,0.657,17184.3,0.092
2023-01-09 22:18:09,17185.3,33.017,17185.2,14.328,17185.4,6.776,17185.1,1.066,17185.5,0.018,17185.0,0.004,17185.6,0.001,17184.9,0.004,17185.7,1.836,17184.8,0.071,17185.8,4.043,17184.7,0.032,17185.9,0.017,17184.6,2.907,17186.0,0.07,17184.5,0.68,17186.1,0.001,17184.4,0.004,17186.2,0.657,17184.3,0.092
2023-01-09 22:18:10,17185.3,30.265,17185.2,14.311,17185.4,6.776,17185.1,1.066,17185.5,0.001,17185.0,0.004,17185.6,0.017,17184.9,0.004,17185.7,1.836,17184.8,0.071,17185.8,5.128,17184.7,0.032,17185.9,0.017,17184.6,2.907,17186.0,0.07,17184.5,0.691,17186.1,0.001,17184.4,0.004,17186.2,0.657,17184.3,0.092
2023-01-09 22:18:10,17185.3,28.875,17185.2,16.856,17185.4,6.628,17185.1,1.066,17185.6,0.017,17185.0,2.711,17185.7,1.836,17184.9,0.004,17185.8,5.128,17184.8,0.071,17185.9,0.017,17184.7,0.032,17186.0,0.053,17184.6,0.004,17186.1,0.001,17184.5,0.691,17186.2,0.657,17184.4,0.004,17186.3,1.614,17184.3,0.092
2023-01-09 22:18:10,17185.3,24.725,17185.2,16.856,17185.4,6.628,17185.1,1.066,17185.6,0.465,17185.0,2.711,17185.7,1.853,17184.9,0.004,17185.8,5.198,17184.8,0.071,17185.9,0.017,17184.7,0.032,17186.0,0.053,17184.6,0.004,17186.1,0.001,17184.5,0.612,17186.2,0.657,17184.4,0.004,17186.3,1.614,17184.3,0.993
2023-01-09 22:18:10,17185.3,15.472,17185.2,17.576,17185.4,5.754,17185.1,1.066,17185.5,2.969,17185.0,2.711,17185.6,0.465,17184.9,0.004,17185.7,1.836,17184.8,0.071,17185.8,6.11,17184.7,0.032,17185.9,0.017,17184.6,0.004,17186.0,0.028,17184.5,0.031,17186.1,0.001,17184.4,0.004,17186.2,0.657,17184.3,1.869
2023-01-09 22:18:11,17185.3,15.715,17185.2,18.953,17185.4,5.754,17185.1,1.066,17185.5,2.969,17185.0,2.711,17185.6,0.465,17184.9,0.004,17185.7,1.836,17184.8,0.071,17185.8,5.025,17184.7,0.032,17185.9,0.017,17184.6,0.004,17186.0,0.028,17184.5,0.031,17186.1,0.801,17184.4,0.877,17186.2,0.758,17184.3,0.996
2023-01-09 22:18:11,17185.3,15.676,17185.2,18.823,17185.4,5.754,17185.1,1.007,17185.5,2.969,17185.0,2.711,17185.6,0.465,17184.9,0.004,17185.7,1.836,17184.8,0.071,17185.8,5.025,17184.7,0.032,17185.9,0.002,17184.6,0.004,17186.0,0.028,17184.5,0.031,17186.1,0.801,17184.4,0.004,17186.2,0.686,17184.3,0.996
2023-01-09 22:18:11,17185.3,15.763,17185.2,18.255,17185.4,5.754,17185.1,1.007,17185.5,2.969,17185.0,2.711,17185.6,0.465,17184.9,0.004,17185.7,1.836,17184.8,0.116,17185.8,5.025,17184.7,0.032,17185.9,0.002,17184.6,0.004,17186.0,0.028,17184.5,0.031,17186.1,0.801,17184.4,0.004,17186.2,0.675,17184.3,0.996
2023-01-09 22:18:11,17185.3,14.924,17185.2,18.744,17185.4,5.754,17185.1,1.035,17185.5,2.969,17185.0,2.711,17185.6,0.465,17184.9,0.585,17185.7,1.836,17184.8,0.116,17185.8,4.933,17184.7,0.032,17185.9,0.002,17184.6,0.004,17186.0,0.028,17184.5,0.031,17186.1,0.784,17184.4,0.877,17186.2,0.682,17184.3,0.996
2023-01-09 22:18:12,17185.3,14.397,17185.2,21.718,17185.4,5.754,17185.1,1.035,17185.5,2.969,17185.0,2.711,17185.6,0.465,17184.9,0.585,17185.7,1.836,17184.8,0.116,17185.8,4.933,17184.7,0.032,17185.9,0.002,17184.6,0.004,17186.0,0.027,17184.5,1.572,17186.1,0.784,17184.4,0.877,17186.2,0.695,17184.3,0.996
2023-01-09 22:18:12,17185.3,14.397,17185.2,22.165,17185.4,5.754,17185.1,1.035,17185.5,2.969,17185.0,2.711,17185.6,0.465,17184.9,0.585,17185.7,1.836,17184.8,0.116,17185.8,4.933,17184.7,0.032,17185.9,0.002,17184.6,0.004,17186.0,0.027,17184.5,1.572,17186.1,0.784,17184.4,0.004,17186.2,0.695,17184.3,0.996
2023-01-09 22:18:12,17185.3,6.167,17185.2,23.136,17185.4,5.121,17185.1,1.035,17185.6,0.015,17185.0,2.711,17185.7,2.417,17184.9,1.544,17185.8,4.043,17184.8,1.878,17185.9,0.002,17184.7,0.032,17186.0,0.027,17184.6,0.005,17186.1,0.001,17184.5,0.938,17186.2,0.003,17184.4,0.004,17186.3,3.787,17184.3,0.149
