timestamp,sell1,vsell1,buy1,vbuy1,sell2,vsell2,buy2,vbuy2,sell3,vsell3,buy3,vbuy3,sell4,vsell4,buy4,vbuy4,sell5,vsell5,buy5,vbuy5,sell6,vsell6,buy6,vbuy6,sell7,vsell7,buy7,vbuy7,sell8,vsell8,buy8,vbuy8,sell9,vsell9,buy9,vbuy9,sell10,vsell10,buy10,vbuy10
2023-01-16 02:46:25,21237.4,2.367,21237.3,2.533,21237.7,0.255,21237.2,0.18,21237.8,0.404,21237.1,0.18,21237.9,0.002,21236.9,0.18,21238.1,0.753,21236.8,0.181,21238.4,0.002,21236.6,0.012,21238.7,0.01,21236.5,0.008,21239.0,0.046,21236.3,0.001,21239.1,0.013,21236.0,0.282,21239.3,0.789,21235.8,0.248
2023-01-16 02:46:25,21234.1,2.261,21234.0,5.142,21234.2,0.003,21233.9,0.011,21234.8,0.039,21233.8,0.001,21235.7,0.02,21233.6,0.02,21235.8,0.026,21233.3,0.014,21236.3,11.16,21233.2,0.021,21236.4,1.65,21233.0,7.961,21236.5,1.518,21232.9,0.001,21236.6,1.896,21232.8,0.016,21236.7,0.101,21232.7,2.825
2023-01-16 02:46:25,21233.1,12.195,21233.0,9.918,21233.2,0.006,21232.9,0.001,21233.3,0.005,21232.8,0.016,21233.5,0.026,21232.7,0.001,21233.8,0.495,21232.6,0.275,21233.9,0.555,21232.5,0.001,21234.4,0.002,21232.4,0.002,21234.7,0.02,21232.3,0.061,21234.8,0.039,21232.2,0.224,21234.9,0.002,21232.0,0.647
2023-01-16 02:46:26,21233.1,14.689,21233.0,7.456,21233.2,0.005,21232.9,0.001,21233.3,0.005,21232.8,0.016,21233.5,0.026,21232.7,0.001,21233.8,0.403,21232.6,0.04,21233.9,0.555,21232.5,0.001,21234.4,0.002,21232.4,0.002,21234.6,0.234,21232.3,0.061,21234.7,0.02,21232.2,0.224,21234.8,0.039,21232.0,0.647
2023-01-16 02:46:26,21233.1,15.503,21233.0,7.085,21233.2,0.24,21232.9,0.001,21233.3,0.005,21232.8,0.001,21233.5,0.026,21232.7,0.001,21233.8,0.416,21232.6,0.02,21233.9,0.555,21232.5,0.001,21234.3,0.796,21232.4,0.002,21234.4,0.082,21232.3,0.001,21234.6,0.234,21232.0,0.647,21234.7,0.02,21231.9,0.265
2023-01-16 02:46:26,21233.1,19.478,21233.0,7.107,21233.2,0.24,21232.9,0.001,21233.3,0.005,21232.8,0.001,21233.5,0.026,21232.7,0.001,21233.8,0.299,21232.6,0.02,21233.9,0.555,21232.5,0.001,21234.2,0.223,21232.4,0.002,21234.3,0.796,21232.3,0.001,21234.4,0.042,21232.0,0.647,21234.6,0.234,21231.9,0.265
2023-01-16 02:46:26,21233.1,20.146,21233.0,7.205,21233.2,0.006,21232.8,0.001,21233.3,0.006,21232.6,0.021,21233.5,0.027,21232.4,0.002,21233.8,0.3,21232.3,0.001,21233.9,0.556,21232.0,0.648,21234.2,0.224,21231.9,0.265,21234.3,0.797,21231.8,0.023,21234.4,0.003,21231.6,0.014,21234.6,1.147,21231.4,0.905
2023-01-16 02:46:27,21230.8,18.175,21230.7,0.004,21230.9,0.58,21230.6,0.001,21231.0,2.86,21230.3,0.001,21231.1,0.235,21230.2,0.001,21231.2,1.476,21230.0,1.308,21231.3,2.439,21229.9,0.003,21231.4,0.003,21229.8,0.002,21231.9,0.065,21229.7,0.013,21232.0,0.093,21229.6,0.106,21232.1,0.021,21229.5,0.001
2023-01-16 02:46:27,21230.8,10.57,21230.7,3.188,21230.9,6.275,21230.6,0.141,21231.0,1.84,21230.3,0.001,21231.3,1.222,21230.2,0.001,21231.4,0.002,21230.0,1.308,21231.9,0.065,21229.9,0.003,21232.0,0.075,21229.8,0.002,21232.4,0.002,21229.7,0.013,21232.5,0.025,21229.6,0.106,21232.6,2.382,21229.5,0.001
2023-01-16 02:46:27,21230.8,10.467,21230.7,3.174,21230.9,6.275,21230.6,0.141,21231.0,0.235,21230.3,0.001,21231.3,1.2,21230.2,0.001,21231.4,0.002,21230.0,1.308,21231.9,0.065,21229.9,0.183,21232.0,0.075,21229.8,0.002,21232.4,0.002,21229.7,0.013,21232.5,0.025,21229.6,0.016,21232.6,2.382,21229.5,0.001
2023-01-16 02:46:27,21230.8,12.755,21230.7,0.11,21230.9,6.275,21230.6,0.001,21231.3,1.2,21230.3,0.001,21231.4,0.002,21230.2,0.001,21231.9,0.065,21230.0,1.308,21232.0,1.215,21229.9,0.003,21232.4,0.002,21229.8,0.002,21232.5,0.025,21229.7,0.013,21232.6,2.382,21229.6,0.016,21232.7,0.013,21229.5,0.021
2023-01-16 02:46:28,21230.1,19.181,21230.0,0.287,21230.2,0.002,21229.9,0.003,21230.6,0.26,21229.8,0.002,21230.7,8.589,21229.7,0.013,21230.8,0.323,21229.6,0.036,21230.9,5.075,21229.5,0.001,21231.3,0.074,21229.4,0.004,21231.4,0.002,21229.3,0.009,21231.7,0.02,21229.2,0.011,21231.8,0.319,21229.1,0.003
2023-01-16 02:46:28,21230.0,20.8,21229.9,0.006,21230.1,6.781,21229.8,0.002,21230.5,0.554,21229.7,0.013,21230.6,0.026,21229.6,0.036,21230.7,0.375,21229.5,0.001,21230.8,0.095,21229.4,0.004,21230.9,5.457,21229.3,0.009,21231.3,4.144,21229.2,0.011,21231.4,0.855,21229.1,0.003,21231.5,0.186,21229.0,0.042
2023-01-16 02:46:28,21229.8,18.09,21229.7,1.621,21229.9,0.319,21229.6,0.036,21230.0,7.625,21229.5,0.001,21230.1,0.42,21229.4,0.004,21230.4,0.002,21229.3,0.009,21230.5,0.206,21229.2,0.011,21230.7,0.041,21229.1,0.003,21230.8,0.064,21229.0,0.042,21230.9,0.647,21228.8,0.002,21231.2,0.233,21228.6,0.126
2023-01-16 02:46:28,21229.8,14.232,21229.7,2.901,21229.9,0.319,21229.6,0.036,21230.0,6.796,21229.5,0.001,21230.1,0.067,21229.4,0.004,21230.4,0.002,21229.3,0.009,21230.5,0.206,21229.2,0.011,21230.7,0.057,21229.1,0.252,21230.8,0.064,21229.0,0.042,21230.9,0.413,21228.8,0.002,21231.2,0.233,21228.6,0.004
2023-01-16 02:46:29,21224.5,1.595,21224.4,4.715,21225.6,0.013,21224.3,0.018,21225.9,0.004,21224.2,0.486,21226.1,0.55,21224.1,0.013,21226.2,0.025,21224.0,2.045,21226.5,1.259,21223.8,0.096,21226.6,2.104,21223.7,0.216,21226.8,0.2,21223.6,2.826,21226.9,1.591,21223.5,0.006,21227.0,0.411,21223.4,1.88
2023-01-16 02:46:29,21224.7,0.013,21224.6,6.9,21224.8,0.235,21224.5,4.513,21225.0,0.025,21224.4,4.067,21225.1,0.002,21224.3,0.066,21225.2,0.013,21224.2,0.572,21225.3,0.013,21224.1,0.003,21225.5,0.002,21224.0,1.889,21225.6,0.002,21223.8,0.027,21225.7,0.013,21223.7,0.034,21225.9,0.004,21223.6,0.001
2023-01-16 02:46:29,21224.7,6.651,21224.6,2.661,21224.8,0.235,21224.5,1.704,21225.0,0.025,21224.4,1.212,21225.1,0.002,21224.3,0.013,21225.2,0.013,21224.2,0.007,21225.3,0.013,21224.1,0.003,21225.6,0.002,21224.0,1.881,21225.7,0.013,21223.8,0.001,21226.0,1.65,21223.7,0.034,21226.1,0.002,21223.6,0.001
2023-01-16 02:46:29,21224.7,5.873,21224.6,7.637,21225.0,0.025,21224.5,1.624,21225.1,0.002,21224.4,1.212,21225.2,0.013,21224.3,0.013,21225.3,0.013,21224.2,0.128,21225.6,0.002,21224.1,0.003,21225.7,2.186,21224.0,1.881,21225.8,7.035,21223.8,0.001,21226.1,0.002,21223.7,0.034,21226.5,0.025,21223.6,0.001
2023-01-16 02:46:30,21222.2,3.5,21222.1,3.416,21222.6,1.844,21222.0,5.04,21223.1,2.94,21221.9,2.084,21223.2,0.745,21221.8,0.096,21223.3,0.086,21221.7,0.197,21223.5,0.333,21221.6,0.104,21223.7,0.724,21221.5,0.596,21223.8,1.217,21221.4,3.169,21223.9,0.312,21221.2,0.095,21224.0,0.325,21221.1,0.08
2023-01-16 02:46:30,21223.1,0.027,21223.0,3.221,21223.6,0.002,21222.9,0.593,21223.9,0.463,21222.8,18.617,21224.0,0.637,21222.6,1.701,21224.1,0.041,21222.5,2.868,21224.3,0.262,21222.4,0.049,21224.4,0.002,21222.3,0.073,21224.5,0.002,21222.2,2.69,21224.6,1.696,21222.1,0.983,21224.7,4.172,21222.0,4.945
2023-01-16 02:46:30,21223.6,0.002,21223.5,15.24,21223.7,0.013,21223.1,1.391,21223.8,0.013,21223.0,5.008,21224.1,0.041,21222.9,1.221,21224.4,0.002,21222.8,1.142,21224.6,0.002,21222.6,0.048,21224.7,0.088,21222.5,0.209,21224.9,0.005,21222.3,0.004,21225.1,0.002,21222.2,0.406,21225.3,0.008,21222.1,3.943
2023-01-16 02:46:30,21224.7,0.024,21224.6,30.633,21224.9,0.013,21224.2,0.013,21225.0,0.235,21224.1,1.29,21225.1,0.002,21224.0,1.472,21225.2,0.223,21223.9,0.013,21225.3,0.008,21223.8,0.103,21225.6,0.854,21223.7,1.338,21225.9,0.025,21223.6,0.002,21226.1,0.31,21223.5,1.209,21226.4,0.407,21223.2,0.013
2023-01-16 02:46:31,21224.9,0.075,21224.8,29.666,21225.1,0.002,21224.7,0.121,21225.3,0.008,21224.6,0.115,21225.6,1.121,21224.2,0.235,21225.8,0.235,21224.0,0.001,21226.1,0.002,21223.9,0.013,21226.4,0.263,21223.8,0.103,21226.6,0.002,21223.7,0.072,21226.7,0.571,21223.6,0.002,21226.8,0.844,21223.5,0.013
2023-01-16 02:46:31,21224.9,4.017,21224.8,8.465,21225.1,0.321,21224.7,0.03,21225.3,0.008,21224.6,0.012,21225.5,0.284,21224.1,0.012,21225.6,0.854,21223.9,0.013,21226.1,0.002,21223.8,0.103,21226.4,0.656,21223.7,0.06,21226.6,1.886,21223.6,0.027,21226.7,2.564,21223.5,0.013,21226.8,4.648,21223.2,0.235
2023-01-16 02:46:31,21223.9,29.665,21223.8,0.147,21224.0,0.567,21223.7,0.06,21224.1,0.002,21223.6,0.001,21224.6,0.142,21223.5,0.013,21224.7,0.059,21223.1,0.046,21224.8,0.05,21223.0,0.03,21224.9,0.076,21222.9,0.013,21225.0,1.175,21222.7,0.014,21225.1,0.053,21222.6,0.001,21225.2,0.047,21222.1,0.567
2023-01-16 02:46:31,21223.8,20.391,21223.7,2.029,21223.9,0.601,21223.6,2.311,21224.0,0.1,21223.5,0.013,21224.1,0.001,21223.1,0.046,21224.5,0.024,21223.0,0.03,21224.8,0.292,21222.9,0.013,21224.9,0.051,21222.7,0.014,21225.0,0.941,21222.6,0.236,21225.1,0.015,21222.1,0.002,21225.3,0.008,21222.0,4.945
2023-01-16 02:46:32,21228.1,0.002,21227.9,16.01,21228.4,0.008,21227.8,9.863,21228.6,0.092,21227.7,2.296,21228.8,0.002,21227.6,1.638,21229.0,0.001,21227.5,19.698,21229.1,0.013,21227.4,2.999,21229.3,0.099,21227.3,10.981,21229.4,0.024,21227.2,18.153,21229.7,0.094,21227.1,7.036,21229.8,0.049,21227.0,26.843
2023-01-16 02:46:32,21230.8,0.973,21230.7,3.784,21231.1,0.549,21230.6,0.008,21231.3,0.011,21230.0,0.013,21231.8,0.212,21229.9,0.006,21231.9,0.327,21229.7,0.866,21232.0,0.002,21229.3,0.36,21232.1,0.005,21229.0,0.372,21232.2,0.856,21228.6,1.676,21232.3,0.502,21228.5,0.001,21232.4,1.002,21228.3,0.18
2023-01-16 02:46:32,21235.7,0.181,21235.6,1.6,21235.9,0.141,21235.5,2.649,21236.1,0.608,21235.4,1.144,21236.2,0.052,21235.3,0.2,21236.3,0.002,21235.1,0.12,21236.4,0.005,21234.9,0.743,21236.7,0.353,21234.7,1.762,21237.3,0.01,21234.6,2.015,21237.4,0.066,21234.5,4.139,21237.6,0.049,21234.4,3.633
2023-01-16 02:46:32,21235.7,8.385,21235.6,0.013,21235.8,2.915,21235.1,0.012,21235.9,0.583,21235.0,0.013,21236.1,0.608,21234.4,0.013,21236.3,0.002,21233.9,0.894,21236.9,0.798,21233.4,1.65,21237.1,3.01,21233.2,0.235,21237.2,12.224,21232.9,0.045,21237.7,0.924,21232.8,0.271,21237.8,0.095,21232.6,0.038
2023-01-16 02:46:33,21231.9,1.766,21231.8,4.285,21232.7,0.002,21231.6,0.036,21233.2,0.002,21231.5,0.337,21233.4,2.32,21231.4,0.001,21233.5,0.338,21231.2,1.648,21233.7,0.002,21231.1,0.078,21234.1,0.023,21231.0,1.236,21234.2,0.049,21230.9,0.013,21234.6,0.005,21230.8,0.021,21234.7,0.002,21230.6,0.001
2023-01-16 02:46:33,21229.7,1.718,21229.6,2.533,21229.8,0.083,21229.4,0.013,21229.9,0.32,21229.3,0.082,21230.0,0.102,21229.2,0.164,21230.2,0.008,21229.1,0.032,21230.5,0.013,21229.0,0.063,21230.7,0.022,21228.9,0.013,21231.1,12.224,21228.8,0.013,21231.2,0.002,21228.6,0.02,21231.5,0.891,21228.1,0.012
2023-01-16 02:46:33,21229.8,1.152,21229.7,0.013,21230.4,0.644,21228.7,0.013,21230.5,7.838,21228.6,0.02,21230.6,0.459,21228.2,0.001,21230.7,0.022,21227.7,0.005,21231.2,0.015,21227.5,0.001,21231.3,0.094,21227.3,0.819,21231.4,0.486,21227.0,0.001,21231.5,0.891,21226.9,0.381,21231.6,0.971,21226.8,1.258
2023-01-16 02:46:33,21228.4,13.966,21228.3,0.007,21228.5,4.84,21228.2,0.001,21228.6,2.177,21228.0,0.013,21228.7,23.672,21227.6,0.235,21228.8,1.838,21227.5,0.001,21229.2,0.067,21227.0,0.001,21229.3,0.484,21226.8,0.527,21229.4,0.518,21226.7,0.006,21229.5,1.147,21226.6,0.292,21229.7,0.013,21226.5,0.053
2023-01-16 02:46:34,21226.6,2.641,21226.5,2.437,21226.7,0.16,21226.0,0.001,21226.8,0.012,21225.8,0.39,21227.2,0.237,21225.7,0.001,21227.3,0.008,21225.5,0.001,21227.7,0.027,21225.2,0.013,21228.0,0.013,21225.0,0.009,21228.2,12.036,21224.8,0.013,21228.3,0.008,21224.5,0.014,21228.4,0.094,21224.4,1.337
2023-01-16 02:46:34,21226.7,2.436,21226.6,12.891,21226.8,0.012,21226.5,3.853,21227.2,0.237,21226.0,0.001,21227.3,0.008,21225.8,0.39,21227.7,0.002,21225.7,0.001,21228.0,0.013,21225.6,0.288,21228.1,0.098,21225.5,0.001,21228.2,0.282,21225.2,0.033,21228.3,0.008,21225.0,0.009,21228.4,0.094,21224.9,0.26
2023-01-16 02:46:34,21224.7,3.187,21224.6,2.695,21225.2,0.002,21224.5,0.013,21225.7,0.002,21224.2,0.07,21225.8,0.012,21224.1,0.103,21226.0,0.025,21224.0,1.441,21226.2,0.004,21223.9,1.361,21226.3,0.234,21223.8,0.15,21226.5,0.831,21223.7,0.746,21226.6,1.65,21223.6,0.306,21226.7,2.207,21223.4,0.001
2023-01-16 02:46:34,21224.7,3.087,21224.6,2.576,21225.2,0.002,21224.5,0.013,21225.7,0.002,21224.0,1.234,21225.8,0.012,21223.9,1.211,21225.9,6.875,21223.7,0.596,21226.0,0.025,21223.6,0.306,21226.2,7.039,21223.4,0.001,21226.6,0.552,21223.3,0.026,21226.7,2.207,21223.1,0.005,21227.0,0.943,21223.0,0.077
2023-01-16 02:46:35,21224.7,0.958,21224.6,3.97,21224.9,0.191,21224.5,0.013,21225.2,0.002,21224.0,1.234,21225.7,0.002,21223.9,1.211,21225.8,0.012,21223.7,0.596,21226.0,0.025,21223.6,0.308,21226.2,0.004,21223.4,0.001,21226.5,4.038,21223.3,0.026,21226.7,2.207,21223.1,0.005,21227.0,0.943,21223.0,0.077
2023-01-16 02:46:35,21226.7,2.214,21226.6,19.417,21227.2,0.002,21226.5,1.316,21227.4,0.025,21226.4,0.14,21227.7,0.022,21225.9,0.012,21228.1,1.114,21225.8,0.012,21228.2,0.002,21225.6,0.02,21228.3,0.012,21225.4,0.04,21228.4,0.094,21225.1,0.628,21228.5,0.439,21224.9,1.196,21228.6,1.049,21224.8,0.61
2023-01-16 02:46:35,21226.7,6.699,21226.6,11.838,21227.2,0.002,21226.5,0.034,21227.4,0.025,21225.9,0.012,21227.7,0.022,21225.8,0.012,21227.8,3.765,21225.7,0.1,21227.9,13.911,21225.6,0.021,21228.1,1.114,21225.4,0.04,21228.2,0.002,21225.0,0.001,21228.3,0.012,21224.9,0.021,21228.4,0.094,21224.8,0.013
2023-01-16 02:46:35,21226.7,1.276,21226.6,7.846,21227.1,0.011,21226.5,0.12,21227.2,0.002,21225.9,0.013,21227.4,0.025,21225.8,0.062,21227.7,0.022,21225.6,0.02,21228.1,1.114,21225.4,0.041,21228.2,0.002,21224.9,0.022,21228.3,0.012,21224.8,0.013,21228.4,1.591,21224.7,0.013,21228.6,1.413,21224.6,0.001
2023-01-16 02:46:36,21226.7,1.24,21226.6,8.148,21227.1,0.011,21226.5,0.122,21227.2,0.002,21225.9,0.013,21227.4,0.025,21225.8,0.012,21227.7,0.022,21225.6,0.02,21228.1,1.114,21225.4,0.001,21228.2,0.002,21225.3,0.028,21228.3,0.572,21224.9,0.022,21228.4,1.591,21224.8,0.039,21228.7,0.003,21224.7,0.013
2023-01-16 02:46:36,21227.7,1.125,21227.6,11.418,21227.8,0.028,21227.5,0.008,21228.2,0.002,21227.1,0.607,21228.3,0.012,21227.0,0.781,21228.4,0.151,21226.9,0.02,21228.7,0.003,21226.7,0.001,21228.9,1.067,21226.6,0.263,21229.0,2.14,21226.5,0.088,21229.2,0.877,21226.4,0.001,21229.5,0.006,21226.1,0.012
2023-01-16 02:46:36,21228.4,0.151,21228.3,13.496,21228.7,0.003,21228.2,1.64,21228.9,0.008,21228.1,0.814,21229.2,0.002,21227.8,0.044,21229.5,0.006,21227.7,3.087,21229.7,0.09,21227.6,1.41,21229.8,0.285,21227.5,0.032,21230.1,0.235,21227.0,0.294,21230.2,0.023,21226.9,0.013,21230.4,0.013,21226.7,4.196
2023-01-16 02:46:36,21231.8,5.2,21231.7,1.561,21231.9,62.719,21231.6,0.01,21232.0,0.796,21231.2,0.258,21232.1,0.382,21231.0,0.074,21232.2,0.706,21230.9,0.182,21232.5,0.013,21230.8,0.069,21232.6,0.444,21230.6,0.313,21232.7,0.002,21230.4,0.21,21232.9,0.732,21230.3,0.066,21233.0,0.079,21230.1,0.004
2023-01-16 02:46:37,21231.8,6.158,21231.7,2.045,21231.9,62.288,21231.6,0.01,21232.0,0.796,21230.6,0.313,21232.1,0.382,21230.4,0.11,21232.2,0.002,21230.3,0.235,21232.5,0.013,21230.1,0.004,21232.7,0.002,21229.5,0.001,21232.9,0.028,21229.0,0.005,21233.0,0.066,21228.5,0.235,21233.1,0.001,21228.4,2.286
2023-01-16 02:46:37,21231.3,5.288,21231.2,0.623,21231.4,0.266,21231.1,0.152,21231.6,0.893,21230.8,0.235,21231.8,0.057,21230.7,1.21,21231.9,61.816,21230.6,0.013,21232.0,0.796,21230.4,0.026,21232.1,0.382,21229.7,0.083,21232.2,0.002,21229.6,0.049,21232.5,0.013,21229.5,0.008,21232.7,0.002,21229.4,0.04
2023-01-16 02:46:37,21228.5,0.132,21228.4,0.286,21228.6,0.993,21228.2,0.022,21228.7,0.4,21227.9,0.038,21228.8,1.518,21227.8,0.013,21228.9,0.865,21227.6,0.013,21229.0,0.784,21227.5,0.001,21229.1,1.981,21227.4,0.863,21229.2,1.491,21227.1,0.077,21229.3,0.898,21227.0,0.433,21229.4,1.686,21226.9,3.139
2023-01-16 02:46:37,21228.5,4.681,21228.4,3.54,21228.6,0.001,21227.9,0.045,21228.9,0.235,21227.5,0.001,21229.7,3.507,21227.4,0.001,21229.8,0.889,21227.3,0.56,21230.0,0.02,21227.2,1.182,21230.5,0.501,21227.1,0.09,21230.6,0.303,21227.0,0.005,21230.7,0.222,21226.9,0.001,21230.9,1.028,21226.8,0.004
2023-01-16 02:46:38,21228.0,16.099,21227.9,0.025,21228.3,0.038,21227.5,0.026,21228.4,2.256,21227.4,0.001,21228.5,2.519,21227.3,0.235,21228.6,0.235,21227.1,0.04,21228.9,0.025,21226.9,0.001,21229.6,0.881,21226.8,0.004,21230.0,0.02,21226.7,0.059,21230.3,0.001,21226.6,0.201,21230.5,2.152,21226.5,0.013
2023-01-16 02:46:38,21227.6,0.025,21227.5,18.717,21227.9,0.025,21227.4,2.881,21228.2,0.002,21227.0,0.247,21228.4,0.083,21226.9,2.126,21228.5,0.014,21226.8,0.017,21228.7,0.002,21226.7,0.019,21228.9,0.235,21226.6,0.201,21229.0,0.02,21226.5,0.013,21229.1,0.879,21226.4,0.174,21229.2,0.002,21226.3,0.017
2023-01-16 02:46:38,21229.8,3.136,21229.7,12.933,21230.0,0.02,21229.6,1.18,21230.2,0.002,21229.1,1.109,21230.3,0.009,21229.0,15.453,21230.5,1.056,21228.4,0.013,21230.6,2.119,21228.3,0.012,21230.7,0.002,21228.1,0.381,21231.2,0.007,21227.9,0.021,21231.3,0.027,21227.8,0.416,21231.7,0.002,21227.5,0.022
2023-01-16 02:46:38,21230.2,5.299,21230.1,6.513,21230.3,2.319,21230.0,1.479,21230.5,1.056,21229.9,0.171,21230.6,2.127,21229.8,0.013,21230.7,0.002,21229.7,0.175,21231.0,0.02,21229.5,0.013,21231.2,0.002,21229.4,0.001,21231.3,0.001,21229.1,0.016,21231.6,1.65,21229.0,15.821,21231.7,0.383,21228.9,0.021
2023-01-16 02:46:39,21230.2,0.026,21230.1,10.089,21230.3,0.009,21230.0,1.479,21230.5,0.002,21229.8,0.013,21230.6,0.008,21229.7,0.093,21230.7,0.002,21229.5,0.013,21231.0,0.083,21229.4,0.001,21231.1,0.235,21229.1,0.016,21231.2,0.002,21229.0,15.44,21231.3,0.001,21228.9,0.021,21231.7,0.002,21228.5,0.805
2023-01-16 02:46:39,21231.9,63.551,21231.8,10.63,21232.0,0.02,21231.1,0.012,21232.2,0.002,21231.0,1.409,21232.7,0.002,21230.9,0.096,21232.9,0.104,21230.4,0.014,21233.0,0.322,21230.2,0.395,21233.1,0.001,21230.0,1.479,21233.2,0.002,21229.9,0.321,21233.4,0.002,21229.7,0.001,21233.5,0.018,21229.6,0.001
2023-01-16 02:46:39,21231.9,61.143,21231.8,9.213,21232.0,0.02,21231.1,0.247,21232.2,0.002,21230.9,0.096,21232.7,0.002,21230.4,0.014,21232.8,0.082,21230.2,0.126,21232.9,0.236,21230.1,0.013,21233.0,0.087,21230.0,1.479,21233.1,0.001,21229.9,0.021,21233.2,0.002,21229.7,0.001,21233.4,0.002,21229.6,0.001
2023-01-16 02:46:39,21231.9,59.495,21231.8,8.102,21232.0,0.02,21231.1,0.554,21232.2,0.002,21230.9,0.276,21232.7,0.002,21230.4,0.013,21232.8,0.082,21230.2,0.126,21232.9,0.236,21230.1,0.013,21233.0,0.087,21230.0,1.479,21233.1,0.001,21229.9,0.021,21233.2,0.002,21229.7,0.001,21233.4,0.002,21229.6,0.001
2023-01-16 02:46:40,21230.1,19.127,21230.0,1.479,21230.2,3.229,21229.9,0.021,21230.5,2.918,21229.7,0.012,21230.8,0.235,21229.6,0.013,21231.0,0.013,21229.5,0.235,21231.2,0.591,21229.4,0.014,21231.5,0.235,21229.1,0.016,21231.7,0.002,21229.0,15.81,21231.8,4.917,21228.9,0.001,21231.9,58.499,21228.5,0.004
2023-01-16 02:46:40,21230.1,22.048,21230.0,1.358,21230.2,3.142,21229.9,0.021,21230.5,2.334,21229.7,0.012,21230.6,0.235,21229.6,0.013,21231.0,0.013,21229.4,0.014,21231.2,0.027,21229.1,0.016,21231.5,0.001,21229.0,15.429,21231.6,0.235,21228.9,0.001,21231.7,1.336,21228.8,0.235,21231.8,4.917,21228.5,0.004
2023-01-16 02:46:40,21224.8,7.017,21224.7,0.939,21225.0,0.95,21224.6,0.236,21225.2,1.584,21224.4,0.002,21225.5,2.72,21224.2,0.094,21225.6,0.23,21223.9,0.001,21225.7,0.314,21223.7,0.596,21225.8,0.013,21223.6,0.02,21225.9,3.351,21223.5,0.07,21226.0,0.052,21223.4,0.001,21226.2,0.105,21223.2,0.013
2023-01-16 02:46:40,21224.8,4.861,21224.7,2.744,21225.0,0.889,21224.6,0.323,21225.2,0.231,21224.4,0.002,21225.8,0.013,21223.9,0.001,21225.9,0.26,21223.8,0.381,21226.1,0.067,21223.7,8.216,21226.2,0.105,21223.6,0.255,21226.4,0.149,21223.5,0.05,21227.0,0.134,21223.4,0.001,21227.2,0.004,21223.2,0.013
2023-01-16 02:46:41,21225.0,4.748,21224.9,4.597,21225.1,0.269,21224.8,0.038,21225.2,0.231,21224.7,0.026,21225.5,0.008,21224.6,0.323,21225.6,0.025,21224.4,0.002,21225.8,0.058,21224.1,0.864,21225.9,0.235,21224.0,0.235,21226.6,0.012,21223.9,0.001,21227.2,0.004,21223.6,0.02,21227.5,0.1,21223.5,0.13
2023-01-16 02:46:41,21225.0,3.884,21224.9,4.718,21225.1,0.331,21224.8,0.038,21225.2,0.231,21224.7,0.026,21225.5,0.008,21224.6,0.323,21225.6,0.025,21224.4,0.002,21225.8,0.235,21224.1,0.864,21226.6,0.012,21224.0,0.235,21227.2,0.239,21223.9,0.001,21227.5,0.598,21223.6,0.02,21227.6,3.022,21223.5,0.13
2023-01-16 02:46:41,21225.0,2.721,21224.9,5.135,21225.1,0.331,21224.8,0.038,21225.2,0.231,21224.7,0.026,21225.5,0.008,21224.6,0.323,21225.6,0.025,21224.4,0.002,21225.8,0.235,21224.1,0.864,21226.6,0.012,21224.0,0.235,21226.8,0.001,21223.9,0.001,21227.2,0.004,21223.6,0.02,21227.3,0.022,21223.5,0.13
2023-01-16 02:46:41,21225.0,3.54,21224.9,4.727,21225.1,2.373,21224.8,0.038,21225.2,0.231,21224.7,0.026,21225.5,0.008,21224.6,0.323,21225.6,0.025,21224.4,0.002,21225.8,0.235,21224.1,1.099,21226.6,0.012,21223.9,0.001,21226.8,0.001,21223.6,0.02,21227.2,0.004,21223.5,0.13,21227.3,0.022,21223.4,0.001
2023-01-16 02:46:42,21225.0,4.358,21224.9,3.677,21225.1,2.373,21224.8,0.038,21225.2,0.231,21224.7,0.026,21225.5,0.008,21224.6,0.323,21225.6,0.025,21224.4,0.002,21225.8,0.235,21224.1,1.099,21226.6,0.012,21223.9,0.001,21226.8,0.001,21223.6,0.02,21227.2,0.004,21223.5,0.13,21227.4,0.955,21223.4,0.001
2023-01-16 02:46:42,21229.1,0.001,21229.0,3.819,21229.5,1.236,21228.9,7.368,21229.9,1.842,21228.7,0.145,21230.1,0.034,21228.0,0.235,21230.2,2.681,21227.6,8.229,21230.3,1.851,21227.5,0.3,21230.5,0.013,21227.2,0.078,21230.7,0.002,21226.9,0.013,21230.9,0.382,21226.8,0.417,21231.0,1.096,21226.7,0.701
2023-01-16 02:46:42,21229.5,1.495,21229.4,14.398,21229.8,0.321,21229.1,0.301,21230.0,0.02,21229.0,0.012,21230.1,1.1,21228.9,1.257,21230.2,0.721,21228.7,0.025,21230.3,1.851,21227.9,0.02,21230.5,0.013,21227.6,7.048,21230.7,0.002,21227.2,0.078,21231.0,1.049,21226.9,0.013,21231.2,0.002,21226.8,0.417
2023-01-16 02:46:42,21229.5,0.281,21229.4,16.088,21229.6,0.803,21229.1,0.301,21229.8,0.321,21229.0,0.012,21230.0,0.02,21228.9,0.013,21230.1,0.688,21228.7,0.025,21230.2,0.721,21228.5,0.017,21230.3,1.851,21227.9,0.02,21230.5,0.013,21227.6,7.048,21230.7,0.002,21227.4,0.829,21231.0,1.049,21227.2,0.078
2023-01-16 02:46:43,21229.5,0.238,21229.4,16.526,21229.6,0.803,21229.1,0.301,21230.0,0.02,21229.0,0.012,21230.1,0.688,21228.9,0.013,21230.2,0.721,21228.7,0.025,21230.3,1.851,21228.5,0.017,21230.5,0.013,21228.1,7.035,21230.7,0.002,21228.0,1.181,21231.0,1.049,21227.9,0.02,21231.2,0.002,21227.6,0.013
2023-01-16 02:46:43,21229.5,4.338,21229.4,14.762,21229.6,1.103,21229.1,0.351,21230.0,0.02,21229.0,0.012,21230.1,0.688,21228.9,0.013,21230.2,0.721,21228.7,0.025,21230.3,1.851,21228.5,0.017,21230.5,0.013,21228.1,0.275,21230.7,0.002,21227.9,0.02,21231.0,1.049,21227.6,0.033,21231.2,0.002,21227.4,0.83
2023-01-16 02:46:43,21229.5,5.014,21229.4,13.178,21229.6,1.104,21229.1,0.352,21229.7,0.003,21229.0,0.013,21230.0,0.021,21228.9,0.014,21230.1,0.689,21228.7,0.026,21230.2,0.722,21228.5,0.018,21230.3,1.852,21228.0,8.216,21230.5,0.014,21227.9,0.021,21230.7,0.003,21227.7,0.001,21231.0,1.05,21227.6,0.014
2023-01-16 02:46:43,21229.5,3.969,21229.4,12.813,21229.6,1.104,21229.1,0.352,21229.7,0.004,21229.0,0.074,21230.0,0.021,21228.9,0.014,21230.1,0.689,21228.7,0.026,21230.2,0.722,21228.5,0.018,21230.3,1.852,21228.0,8.217,21230.5,0.014,21227.9,0.021,21230.7,0.003,21227.6,0.014,21231.0,1.05,21227.4,0.831
2023-01-16 02:46:44,21229.5,1.494,21229.4,14.455,21229.6,0.807,21229.1,0.352,21229.9,0.005,21229.0,0.074,21230.0,0.021,21228.9,0.014,21230.1,0.689,21228.7,0.026,21230.2,0.722,21228.5,0.018,21230.3,1.852,21228.0,8.217,21230.5,0.014,21227.9,0.021,21230.7,0.003,21227.6,0.014,21231.0,1.05,21227.4,0.831
2023-01-16 02:46:44,21229.5,1.391,21229.4,13.149,21229.6,1.081,21229.1,0.352,21229.7,0.003,21229.0,0.074,21229.9,0.006,21228.9,0.014,21230.0,0.021,21228.7,0.026,21230.1,0.689,21228.5,0.018,21230.2,0.722,21228.0,8.217,21230.3,1.852,21227.9,0.021,21230.5,0.014,21227.6,0.014,21230.7,0.003,21227.4,0.831
2023-01-16 02:46:44,21229.5,1.08,21229.4,13.588,21229.6,0.804,21229.1,0.352,21229.9,0.006,21229.0,0.074,21230.0,0.021,21228.9,0.014,21230.1,0.014,21228.7,0.026,21230.2,1.196,21228.5,0.018,21230.3,1.852,21228.0,8.217,21230.5,0.014,21227.9,0.021,21230.7,0.003,21227.6,0.014,21231.1,0.323,21227.5,0.057
2023-01-16 02:46:44,21229.5,1.08,21229.4,13.467,21229.6,0.804,21229.3,0.02,21229.9,0.006,21229.1,0.352,21230.0,0.021,21229.0,0.074,21230.1,0.733,21228.9,0.014,21230.2,1.006,21228.7,0.026,21230.3,1.852,21228.5,0.018,21230.5,0.014,21228.0,8.217,21230.7,0.003,21227.9,0.06,21231.1,0.323,21227.6,0.016
2023-01-16 02:46:45,21229.5,3.511,21229.4,11.709,21229.6,0.804,21229.3,0.255,21229.9,0.006,21229.1,0.117,21230.0,0.021,21229.0,0.206,21230.1,0.014,21228.9,0.014,21230.2,0.956,21228.7,0.026,21230.3,1.852,21228.5,0.018,21230.5,0.014,21228.0,8.218,21230.7,0.003,21227.9,0.06,21230.8,0.235,21227.6,0.016
2023-01-16 02:46:45,21229.5,6.322,21229.4,9.136,21229.6,0.804,21229.1,0.051,21229.8,0.235,21229.0,0.074,21229.9,0.006,21228.9,0.014,21230.0,0.023,21228.7,0.026,21230.1,0.014,21228.5,0.253,21230.2,1.015,21227.9,0.021,21230.3,1.852,21227.7,8.217,21230.5,0.014,21227.6,0.016,21230.7,0.003,21227.4,0.851
2023-01-16 02:46:45,21226.7,12.865,21226.6,1.347,21226.8,0.044,21226.4,0.001,21226.9,0.001,21226.3,0.001,21227.5,0.273,21226.2,0.02,21228.5,0.037,21226.0,0.305,21228.9,0.001,21225.9,0.001,21229.0,1.672,21225.7,0.235,21229.1,0.649,21225.4,1.108,21229.2,1.11,21225.3,0.2,21229.4,0.284,21225.0,0.55
2023-01-16 02:46:45,21226.1,13.084,21226.0,0.013,21226.4,0.385,21225.9,0.021,21226.5,0.142,21225.8,0.013,21226.6,0.007,21225.4,1.044,21226.7,2.077,21225.3,0.2,21226.8,0.032,21225.0,0.248,21227.1,0.233,21224.9,0.1,21227.4,0.897,21224.8,1.024,21227.5,0.038,21224.7,0.554,21227.9,2.152,21224.6,0.057
2023-01-16 02:46:46,21226.1,14.352,21226.0,2.516,21226.3,0.453,21225.9,0.021,21226.4,0.385,21225.8,0.013,21226.5,0.142,21225.4,1.044,21226.6,0.007,21225.3,0.2,21226.7,1.799,21225.0,0.248,21226.8,0.032,21224.9,0.1,21227.1,0.233,21224.8,1.024,21227.4,0.897,21224.7,0.828,21227.5,0.039,21224.4,0.002
2023-01-16 02:46:46,21226.1,14.334,21226.0,2.432,21226.2,0.235,21225.9,0.021,21226.3,0.312,21225.8,0.013,21226.4,0.15,21225.4,1.044,21226.5,0.142,21225.3,0.2,21226.6,0.007,21225.0,0.248,21226.7,1.217,21224.9,0.1,21226.8,0.019,21224.8,1.024,21227.1,0.233,21224.7,0.828,21227.4,0.897,21224.4,0.002
2023-01-16 02:46:46,21226.1,14.334,21226.0,2.445,21226.2,0.235,21225.9,0.021,21226.4,0.15,21225.8,0.013,21226.5,0.142,21225.4,1.044,21226.6,0.007,21225.3,0.2,21226.7,1.217,21225.2,0.29,21226.8,0.019,21225.0,0.248,21227.1,0.234,21224.9,0.1,21227.4,0.897,21224.8,1.024,21227.5,0.039,21224.7,0.554
2023-01-16 02:46:46,21226.1,14.577,21226.0,2.075,21226.2,0.803,21225.9,0.022,21226.3,0.307,21225.8,0.014,21226.4,0.15,21225.4,0.001,21226.5,0.135,21225.3,0.201,21226.7,1.21,21225.2,0.291,21226.8,0.013,21225.0,0.249,21227.1,0.234,21224.9,0.101,21227.4,0.897,21224.8,1.025,21227.5,0.039,21224.7,0.555
2023-01-16 02:46:47,21226.1,8.995,21226.0,2.807,21226.2,0.803,21225.9,0.022,21226.4,0.15,21225.8,0.014,21226.5,0.135,21225.4,0.001,21226.6,0.303,21225.3,0.201,21226.7,1.21,21225.2,0.291,21226.8,0.013,21225.0,0.249,21227.1,0.001,21224.9,0.101,21227.4,0.897,21224.8,1.025,21227.5,0.039,21224.7,0.555
2023-01-16 02:46:47,21226.1,8.985,21226.0,1.19,21226.2,0.803,21225.9,0.022,21226.4,0.15,21225.8,0.014,21226.5,0.135,21225.4,0.001,21226.6,0.303,21225.3,0.201,21226.7,1.21,21225.0,0.249,21226.8,0.013,21224.9,0.101,21227.4,0.897,21224.8,1.025,21227.5,0.039,21224.7,0.32,21227.9,2.152,21224.4,0.003
2023-01-16 02:46:47,21226.1,8.436,21226.0,0.748,21226.2,0.803,21225.9,0.022,21226.4,0.15,21225.8,0.289,21226.5,0.135,21225.4,0.001,21226.6,0.303,21225.3,0.201,21226.7,1.21,21225.0,0.249,21227.4,0.897,21224.9,0.101,21227.5,0.039,21224.8,1.025,21227.9,2.152,21224.7,0.801,21228.0,0.02,21224.4,0.003
2023-01-16 02:46:47,21226.1,8.196,21226.0,0.732,21226.2,0.803,21225.9,0.022,21226.4,0.15,21225.8,0.014,21226.5,0.135,21225.4,0.001,21226.6,0.303,21225.3,0.201,21226.7,1.21,21225.0,0.249,21227.4,0.897,21224.9,0.101,21227.5,0.039,21224.8,1.025,21227.9,2.152,21224.7,0.801,21228.0,0.02,21224.4,0.003
2023-01-16 02:46:48,21226.1,6.365,21226.0,3.123,21226.2,0.803,21225.9,0.022,21226.4,0.15,21225.8,0.313,21226.5,0.135,21225.4,0.001,21226.6,0.303,21225.3,0.201,21226.7,1.21,21225.0,0.249,21227.4,0.897,21224.9,0.101,21227.5,0.039,21224.8,1.025,21227.9,2.152,21224.7,0.801,21228.0,0.02,21224.4,0.003
2023-01-16 02:46:48,21226.1,7.701,21226.0,1.057,21226.2,0.803,21225.9,0.022,21226.4,0.15,21225.8,0.313,21226.5,0.135,21225.4,0.001,21226.6,0.303,21225.3,0.201,21226.7,1.21,21225.0,0.249,21227.4,0.897,21224.9,0.101,21227.5,0.038,21224.8,1.025,21227.7,0.233,21224.7,0.801,21227.8,0.541,21224.4,0.003
2023-01-16 02:46:48,21226.1,5.066,21226.0,5.767,21226.2,0.803,21225.9,0.022,21226.4,0.15,21225.8,0.313,21226.5,0.135,21225.4,0.001,21226.6,0.303,21225.3,0.201,21226.7,1.445,21225.0,0.484,21227.4,0.897,21224.9,0.342,21227.5,0.038,21224.8,1.025,21227.9,2.152,21224.7,0.801,21228.0,0.02,21224.4,0.003
2023-01-16 02:46:48,21227.5,1.457,21227.4,6.048,21227.7,0.235,21227.3,1.21,21227.8,0.544,21226.7,1.286,21227.9,2.152,21226.6,3.158,21228.0,0.02,21226.5,1.054,21228.2,0.002,21226.4,0.092,21228.5,0.036,21226.3,0.001,21228.7,0.002,21226.2,0.177,21228.8,0.094,21226.1,0.489,21229.0,0.002,21226.0,3.944
2023-01-16 02:46:49,21228.0,0.02,21227.9,18.217,21228.2,0.002,21227.8,6.63,21228.5,0.036,21227.7,1.799,21228.6,0.091,21227.6,0.919,21228.7,0.237,21227.5,0.619,21228.8,0.094,21227.4,0.069,21229.0,0.002,21227.2,0.263,21229.2,0.002,21227.1,0.039,21229.4,0.183,21227.0,0.037,21229.5,0.582,21226.7,0.002
2023-01-16 02:46:49,21228.0,0.033,21227.9,22.865,21228.2,0.002,21227.8,6.63,21228.5,0.036,21227.7,1.799,21228.6,0.169,21227.6,0.886,21228.7,0.237,21227.5,0.039,21228.8,0.403,21227.0,0.037,21229.0,0.002,21226.8,0.902,21229.2,0.002,21226.7,0.001,21229.4,0.183,21226.6,0.001,21229.5,0.582,21226.4,0.001
2023-01-16 02:46:49,21228.8,0.013,21228.7,24.212,21229.0,0.022,21228.6,0.567,21229.2,0.028,21228.5,1.789,21229.4,0.232,21228.4,0.772,21229.5,0.577,21228.1,0.31,21229.6,0.001,21228.0,0.629,21229.7,0.237,21227.9,2.265,21229.9,0.006,21227.8,0.918,21230.0,0.146,21227.7,0.001,21230.1,0.001,21227.6,0.001
2023-01-16 02:46:49,21231.9,58.614,21231.8,11.41,21232.0,0.003,21231.7,0.495,21232.1,1.103,21231.3,0.509,21232.2,0.002,21231.1,0.548,21232.4,1.036,21230.9,1.278,21232.5,0.013,21230.8,2.086,21232.6,0.01,21230.7,0.001,21232.7,0.002,21230.6,0.775,21232.8,0.094,21230.5,0.001,21232.9,0.001,21230.4,1.797
2023-01-16 02:46:50,21231.9,58.858,21231.8,8.923,21232.0,0.287,21231.7,0.495,21232.1,1.103,21231.1,0.172,21232.2,0.002,21230.9,0.078,21232.5,0.013,21230.8,0.43,21232.7,0.002,21230.7,0.001,21232.9,0.001,21230.6,0.336,21233.0,0.149,21230.5,0.001,21233.1,0.001,21230.4,0.737,21233.2,0.015,21230.3,0.039
2023-01-16 02:46:50,21231.9,60.054,21231.8,3.012,21232.0,0.287,21231.7,0.015,21232.1,1.103,21231.1,0.172,21232.2,0.002,21230.9,0.078,21232.5,0.013,21230.8,0.43,21232.7,0.002,21230.6,0.336,21232.9,0.001,21230.4,0.737,21233.0,0.149,21230.2,0.185,21233.1,0.001,21230.1,0.195,21233.2,0.015,21230.0,0.376
2023-01-16 02:46:50,21231.9,58.279,21231.8,1.742,21232.0,0.238,21231.7,0.015,21232.1,0.868,21231.1,0.172,21232.2,0.002,21231.0,0.321,21232.5,0.013,21230.9,0.078,21232.7,0.242,21230.8,0.43,21232.8,0.275,21230.6,0.336,21232.9,0.001,21230.4,0.737,21233.0,0.149,21230.2,0.185,21233.1,0.001,21230.1,0.208
2023-01-16 02:46:50,21231.9,58.348,21231.8,1.698,21232.0,0.003,21231.7,0.015,21232.1,0.879,21231.1,0.172,21232.2,0.003,21231.0,0.321,21232.4,1.119,21230.9,0.078,21232.5,0.014,21230.8,0.195,21232.7,0.243,21230.6,0.336,21232.8,0.307,21230.4,0.737,21232.9,0.001,21230.2,0.185,21233.0,0.15,21230.1,0.208
2023-01-16 02:46:51,21231.9,54.622,21231.8,3.172,21232.0,0.003,21231.7,0.299,21232.1,0.879,21231.1,0.172,21232.2,0.003,21230.9,0.078,21232.5,0.014,21230.8,0.195,21232.7,0.003,21230.6,0.336,21232.8,0.001,21230.4,0.737,21232.9,0.235,21230.2,0.185,21233.0,0.15,21230.1,0.443,21233.1,0.001,21230.0,0.376
2023-01-16 02:46:51,21231.9,55.0,21231.8,1.655,21232.0,0.003,21231.7,0.299,21232.1,0.879,21231.1,0.172,21232.2,0.003,21230.9,0.078,21232.4,0.969,21230.8,0.195,21232.5,3.828,21230.6,0.336,21232.6,0.013,21230.4,0.737,21232.7,0.003,21230.3,0.235,21232.9,0.002,21230.2,0.185,21233.0,0.15,21230.1,0.208
2023-01-16 02:46:51,21231.9,55.494,21231.8,1.655,21232.0,0.004,21231.7,0.015,21232.1,0.879,21231.1,0.172,21232.2,0.003,21230.9,0.078,21232.5,0.014,21230.8,0.195,21232.6,0.014,21230.6,0.336,21232.7,0.003,21230.4,0.737,21232.9,0.234,21230.3,0.235,21233.0,0.15,21230.2,0.185,21233.1,0.001,21230.1,0.221
2023-01-16 02:46:51,21231.9,54.855,21231.8,1.423,21232.0,0.004,21231.7,0.013,21232.1,0.879,21231.1,0.172,21232.2,0.003,21230.9,0.078,21232.5,0.014,21230.8,0.195,21232.6,0.014,21230.6,0.336,21232.7,0.003,21230.4,0.737,21232.9,0.234,21230.3,0.235,21233.0,0.15,21230.2,0.185,21233.1,0.001,21230.1,0.221
2023-01-16 02:46:52,21231.9,54.097,21231.8,1.631,21232.0,0.004,21231.7,0.013,21232.1,0.879,21231.1,0.466,21232.2,0.003,21230.9,0.078,21232.5,0.014,21230.8,0.195,21232.6,0.014,21230.6,0.336,21232.7,0.003,21230.4,0.737,21232.9,0.233,21230.3,0.235,21233.0,0.15,21230.2,0.185,21233.1,0.001,21230.1,0.221
2023-01-16 02:46:52,21231.9,54.243,21231.8,1.56,21232.0,0.018,21231.7,0.013,21232.1,0.879,21231.6,0.326,21232.2,0.003,21231.1,0.172,21232.5,0.014,21230.9,0.078,21232.6,0.014,21230.8,0.195,21232.7,0.003,21230.6,0.336,21232.9,0.241,21230.4,0.737,21233.0,0.15,21230.3,0.235,21233.1,0.001,21230.2,0.185
2023-01-16 02:46:52,21231.2,17.671,21231.1,0.045,21231.3,4.231,21230.9,0.078,21231.5,0.882,21230.8,0.195,21231.6,0.721,21230.6,0.336,21231.7,7.688,21230.4,0.737,21231.8,2.77,21230.2,0.186,21231.9,50.627,21230.1,0.221,21232.0,0.018,21230.0,0.376,21232.1,0.001,21229.9,0.188,21232.2,0.004,21229.8,0.4
2023-01-16 02:46:52,21231.0,35.841,21230.9,0.087,21231.1,1.545,21230.8,0.195,21231.2,5.552,21230.6,0.336,21231.5,0.882,21230.4,0.737,21231.6,0.721,21230.2,0.186,21231.8,2.381,21230.1,0.221,21231.9,49.875,21230.0,0.376,21232.0,0.019,21229.9,0.188,21232.1,0.001,21229.8,0.4,21232.2,0.004,21229.7,0.133
2023-01-16 02:46:53,21224.9,6.775,21224.8,2.333,21225.0,0.528,21224.7,0.801,21225.1,3.03,21224.5,0.885,21225.3,0.424,21224.4,0.003,21225.4,0.424,21224.3,0.099,21225.5,0.424,21224.2,0.334,21225.6,0.025,21224.1,0.014,21225.7,0.212,21224.0,0.142,21226.0,0.086,21223.9,5.001,21226.6,0.025,21223.8,0.001
2023-01-16 02:46:53,21226.7,0.732,21226.6,3.541,21226.8,4.107,21226.3,0.524,21226.9,0.011,21226.2,0.2,21227.1,0.023,21224.9,4.695,21227.2,0.011,21224.8,1.155,21227.3,0.035,21224.7,0.801,21227.4,1.504,21224.6,0.12,21227.8,2.62,21224.4,0.003,21228.0,0.001,21224.3,0.099,21228.4,0.987,21224.2,0.014
2023-01-16 02:46:53,21224.9,19.278,21224.8,0.795,21225.0,4.084,21224.7,0.609,21225.1,0.002,21224.4,0.003,21225.7,0.013,21224.3,0.232,21225.9,0.001,21224.2,0.014,21226.1,0.059,21224.1,0.014,21226.3,0.013,21224.0,0.142,21226.7,0.013,21223.9,0.001,21227.1,0.013,21223.6,0.821,21227.3,0.847,21223.5,0.001
2023-01-16 02:46:53,21224.9,24.289,21224.8,0.718,21225.0,0.698,21224.7,0.32,21225.7,0.013,21224.4,0.003,21226.2,0.08,21224.3,0.099,21226.3,0.013,21224.2,0.014,21226.5,0.022,21224.1,0.014,21226.6,1.543,21224.0,0.142,21226.7,6.148,21223.9,0.001,21226.8,3.82,21223.6,0.821,21227.0,0.373,21223.5,0.001
2023-01-16 02:46:54,21222.1,3.713,21222.0,2.69,21222.2,0.4,21221.9,0.048,21222.3,1.185,21221.8,0.034,21222.4,1.0,21221.6,0.008,21222.5,2.2,21221.4,3.182,21222.6,3.86,21221.3,0.014,21222.7,1.905,21221.2,0.596,21222.8,3.868,21221.1,0.885,21222.9,2.061,21221.0,13.776,21223.0,1.897,21220.9,0.021
2023-01-16 02:46:54,21222.1,9.606,21222.0,3.678,21222.2,0.001,21221.8,0.001,21222.7,0.924,21221.6,0.008,21222.8,0.012,21221.5,0.001,21222.9,1.918,21221.4,3.169,21223.0,4.346,21221.2,0.286,21223.2,0.235,21221.1,0.08,21223.3,1.218,21221.0,13.778,21223.4,1.878,21220.9,0.021,21223.6,0.17,21220.8,0.004
2023-01-16 02:46:54,21222.1,8.618,21222.0,3.734,21222.2,0.006,21221.8,0.001,21222.3,0.006,21221.6,0.008,21222.7,0.924,21221.5,0.001,21222.8,0.038,21221.4,3.169,21222.9,1.838,21221.3,0.013,21223.0,4.346,21221.1,0.08,21223.3,1.18,21221.0,13.778,21223.4,1.878,21220.9,0.021,21223.5,0.235,21220.8,0.004
2023-01-16 02:46:54,21222.1,8.718,21222.0,3.615,21222.2,0.006,21221.8,0.001,21222.3,0.006,21221.6,0.008,21222.7,0.924,21221.5,0.001,21222.8,0.038,21221.4,3.169,21222.9,1.838,21221.3,0.013,21223.0,4.346,21221.2,0.272,21223.3,1.204,21221.1,0.08,21223.4,1.878,21221.0,13.778,21223.5,0.235,21220.9,0.021
2023-01-16 02:46:55,21216.2,2.149,21216.1,0.372,21216.3,1.424,21216.0,4.417,21216.4,1.641,21215.9,0.473,21216.8,0.2,21215.8,0.509,21216.9,0.001,21215.7,0.001,21217.0,0.012,21215.6,0.015,21217.9,1.896,21215.4,0.002,21218.0,0.75,21215.3,8.866,21218.7,0.4,21215.2,0.016,21218.9,0.2,21215.1,0.007
2023-01-16 02:46:55,21219.2,6.128,21219.1,1.243,21219.4,0.002,21217.9,0.321,21219.5,0.011,21217.3,0.321,21219.7,1.349,21216.4,0.005,21219.8,4.839,21216.2,0.5,21220.0,0.505,21216.1,0.364,21220.2,0.331,21216.0,4.331,21220.3,0.012,21215.9,0.035,21220.4,2.094,21215.7,0.001,21220.5,0.616,21215.6,0.001
2023-01-16 02:46:55,21219.2,5.467,21219.1,2.307,21219.4,0.002,21218.4,0.013,21219.6,0.458,21217.4,0.013,21219.8,0.93,21216.8,4.683,21219.9,0.013,21216.7,0.562,21220.0,0.505,21216.4,0.005,21220.3,0.012,21216.2,1.31,21220.4,2.094,21216.1,0.301,21220.5,0.353,21216.0,4.331,21220.6,0.287,21215.9,0.035
2023-01-16 02:46:55,21215.3,11.418,21215.2,0.275,21215.4,2.248,21214.9,0.001,21215.6,0.235,21214.8,0.013,21215.7,0.062,21214.4,0.236,21215.9,0.002,21214.1,0.142,21216.0,0.002,21213.9,0.201,21216.3,1.182,21213.8,0.23,21216.5,0.027,21213.7,0.025,21217.0,0.002,21213.6,0.23,21217.1,0.012,21213.5,0.024
2023-01-16 02:46:56,21212.4,0.16,21212.3,3.049,21212.6,0.002,21212.2,0.1,21212.9,0.026,21212.1,0.596,21213.0,0.2,21211.9,0.1,21213.1,0.002,21211.7,0.093,21213.3,0.235,21211.6,1.26,21213.6,0.11,21211.5,5.368,21213.8,0.002,21210.9,0.047,21213.9,0.097,21210.8,0.095,21214.0,0.832,21210.7,0.32
2023-01-16 02:46:56,21216.9,2.162,21216.8,1.262,21217.0,0.013,21216.6,0.002,21217.1,0.002,21216.3,0.084,21217.2,0.912,21216.1,0.025,21217.4,0.002,21215.3,0.03,21217.5,1.877,21215.1,0.025,21217.6,0.026,21214.6,0.012,21217.9,0.002,21214.4,0.137,21218.1,0.236,21214.2,0.134,21218.3,0.013,21214.1,0.006
2023-01-16 02:46:56,21217.4,0.396,21217.3,15.148,21217.6,0.026,21217.2,0.163,21217.9,0.002,21217.1,0.05,21218.0,0.02,21216.9,0.026,21218.3,0.013,21216.8,1.513,21218.4,0.002,21216.3,0.084,21218.5,0.002,21216.2,0.014,21218.6,0.09,21216.1,0.025,21218.7,0.235,21215.9,0.02,21218.9,0.049,21215.8,0.133
2023-01-16 02:46:56,21217.9,0.002,21217.8,2.011,21218.0,0.02,21217.5,21.341,21218.3,0.013,21217.4,0.867,21218.4,0.135,21217.3,3.68,21218.6,0.026,21216.9,0.013,21218.7,0.235,21216.8,1.226,21218.9,0.049,21216.2,0.014,21219.1,1.131,21216.1,0.864,21219.4,0.004,21215.9,0.02,21219.7,0.005,21215.8,1.148
2023-01-16 02:46:57,21223.3,4.067,21223.2,3.587,21223.4,1.769,21222.5,0.025,21223.6,0.17,21222.0,0.297,21224.1,0.165,21221.6,0.005,21224.3,0.892,21221.5,0.025,21224.6,1.664,21221.3,0.058,21224.7,1.672,21221.2,0.201,21224.8,0.732,21221.1,0.447,21224.9,4.161,21221.0,0.001,21225.0,6.256,21220.8,0.013
